@article{10.1093/qje/qjv023,
    title = {{ The Unfavorable Economics of Measuring the Returns to Advertising *}},
    year = {2015},
    journal = {The Quarterly Journal of Economics},
    author = {Lewis, Randall A and Rao, Justin M},
    number = {4},
    pages = {1941--1973},
    volume = {130},
    url = {https://doi.org/10.1093/qje/qjv023},
    doi = {10.1093/qje/qjv023},
    issn = {0033-5533}
}

@article{Gourlay2019,
    title = {{A new spin on an old debate: Errors in farmer-reported production and their implications for inverse scale - Productivity relationship in Uganda}},
    year = {2019},
    journal = {Journal of Development Economics},
    author = {Gourlay, Sydney and Kilic, Talip and Lobell, David B.},
    doi = {10.1016/j.jdeveco.2019.102376},
    issn = {03043878},
    keywords = {Crop cutting, Household surveys, Inverse scale-productivity relationship, Maize, Plot area measurement, Remote sensing, Sub-Saharan Africa, Uganda, Yield measurement}
}

@article{doi:10.1287/mksc.1070.0303,
    title = {{A Two-Sided, Empirical Model of Television Advertising and Viewing Markets}},
    year = {2008},
    journal = {Marketing Science},
    author = {Wilbur, Kenneth C},
    number = {3},
    pages = {356--378},
    volume = {27},
    url = {https://doi.org/10.1287/mksc.1070.0303},
    doi = {10.1287/mksc.1070.0303}
}

@article{HELLSTROM2008227,
    title = {{Advertising as a signaling device: Simulated maximum likelihood estimation of a multiple random effects count data model}},
    year = {2008},
    journal = {Economics Letters},
    author = {Hellstr{\"{o}}m, Jörgen and Rudholm, Niklas},
    number = {3},
    pages = {227--229},
    volume = {101},
    url = {http://www.sciencedirect.com/science/article/pii/S0165176508002437},
    doi = {https://doi.org/10.1016/j.econlet.2008.08.017},
    issn = {0165-1765},
    keywords = {Advertising, Count data, Multiple random effects, Signaling, Simulated maximum likelihood}
}

@article{PRASAD200313,
    title = {{Advertising versus pay-per-view in electronic media}},
    year = {2003},
    journal = {International Journal of Research in Marketing},
    author = {Prasad, Ashutosh and Mahajan, Vijay and Bronnenberg, Bart},
    number = {1},
    pages = {13--30},
    volume = {20},
    url = {http://www.sciencedirect.com/science/article/pii/S0167811602001192},
    doi = {https://doi.org/10.1016/S0167-8116(02)00119-2},
    issn = {0167-8116},
    keywords = {Advertising, Media, Price discrimination}
}

@article{doi:10.1080/15332861.2012.689565,
    title = {{An Examination of Effects of Credibility and Congruency on Consumer Responses to Banner Advertisements}},
    year = {2012},
    journal = {Journal of Internet Commerce},
    author = {Kim, Sojung and Choi, Sejung Marina},
    number = {2},
    pages = {139--160},
    volume = {11},
    publisher = {Routledge},
    url = {https://doi.org/10.1080/15332861.2012.689565},
    doi = {10.1080/15332861.2012.689565}
}

@article{Chodorow-Reich2020,
    title = {{Cash and the Economy: Evidence from India’s Demonetization}},
    year = {2020},
    journal = {The Quarterly Journal of Economics},
    author = {Chodorow-Reich, Gabriel and Gopinath, Gita and Mishra, Prachi and Narayanan, Abhinav},
    number = {1},
    month = {2},
    pages = {57--103},
    volume = {135},
    publisher = {Oxford Academic},
    doi = {10.1093/qje/qjz027},
    issn = {0033-5533}
}

@incollection{BAGWELL20071701,
    title = {{Chapter 28 The Economic Analysis of Advertising}},
    year = {2007},
    booktitle = {Handbook of Industrial Organization},
    author = {Bagwell, Kyle},
    editor = {Armstrong, M and Porter, R},
    pages = {1701--1844},
    volume = {3},
    publisher = {Elsevier},
    url = {http://www.sciencedirect.com/science/article/pii/S1573448X06030287},
    doi = {https://doi.org/10.1016/S1573-448X(06)03028-7},
    issn = {1573-448X},
    keywords = {Advertising, Empirical analysis, Survey, Theory}
}

@article{doi:10.1080/19312430802631517,
    title = {{Commercial Quality Influence on Perceptions of Television News}},
    year = {2009},
    journal = {Electronic News},
    author = {Perry, Stephen D and Trunnell, Dana and Ellis, Cori and Kazoleas, Dean},
    number = {1},
    pages = {32--51},
    volume = {3},
    url = {https://doi.org/10.1080/19312430802631517},
    doi = {10.1080/19312430802631517}
}

@article{Harari2018,
    title = {{Conflict, climate, and cells: A disaggregated analysis}},
    year = {2018},
    journal = {Review of Economics and Statistics},
    author = {Harari, Mariaflavia and Ferrara, Eliana La},
    number = {4},
    month = {10},
    pages = {594--608},
    volume = {100},
    publisher = {MIT Press Journals},
    doi = {10.1162/rest{\_}a{\_}00730},
    issn = {15309142}
}

@article{doi:10.3982/ECTA12423,
    title = {{Consumer Heterogeneity and Paid Search Effectiveness: A Large-Scale Field Experiment}},
    year = {2015},
    journal = {Econometrica},
    author = {Blake, Thomas and Nosko, Chris and Tadelis, Steven},
    number = {1},
    pages = {155--174},
    volume = {83},
    url = {https://onlinelibrary.wiley.com/doi/abs/10.3982/ECTA12423},
    doi = {10.3982/ECTA12423},
    keywords = {Advertising, causal inference, electronic commerce, field experiments, information, return on investment}
}

@article{UTZ201249,
    title = {{Consumers rule: How consumer reviews influence perceived trustworthiness of online stores}},
    year = {2012},
    journal = {Electronic Commerce Research and Applications},
    author = {Utz, Sonja and Kerkhof, Peter and van den Bos, Joost},
    number = {1},
    pages = {49--58},
    volume = {11},
    url = {http://www.sciencedirect.com/science/article/pii/S1567422311000548},
    doi = {https://doi.org/10.1016/j.elerap.2011.07.010},
    issn = {1567-4223},
    keywords = {Assurance seals, Consumer reviews, Electronic-word-of-mouth, Online shopping, Reputation, Trust}
}

@article{PEITZ2008949,
    title = {{Content and advertising in the media: Pay-tv versus free-to-air}},
    year = {2008},
    journal = {International Journal of Industrial Organization},
    author = {Peitz, Martin and Valletti, Tommaso M},
    number = {4},
    pages = {949--965},
    volume = {26},
    url = {http://www.sciencedirect.com/science/article/pii/S0167718707001038},
    doi = {https://doi.org/10.1016/j.ijindorg.2007.08.003},
    issn = {0167-7187},
    keywords = {Advertising, Media, Product differentiation, Two-sided markets}
}

@article{Baragwanath2019,
    title = {{Detecting urban markets with satellite imagery: An application to India}},
    year = {2019},
    journal = {Journal of Urban Economics},
    author = {Baragwanath, Kathryn and Goldblatt, Ran and Hanson, Gordon and Khandelwal, Amit K.},
    month = {6},
    pages = {103173},
    publisher = {Academic Press Inc.},
    doi = {10.1016/j.jue.2019.05.004},
    issn = {00941190},
    keywords = {Cities, Landsat, Market access, Nightlight data, Satellite, Urbanization}
}

@article{10.1093/qje/121.1.197,
    title = {{Do Ads Influence Editors? Advertising and Bias in the Financial Media*}},
    year = {2006},
    journal = {The Quarterly Journal of Economics},
    author = {Zitzewitz, Eric and Reuter, Jonathan},
    number = {1},
    pages = {197--227},
    volume = {121},
    url = {https://doi.org/10.1093/qje/121.1.197},
    doi = {10.1093/qje/121.1.197},
    issn = {0033-5533}
}

@article{KAISER2009292,
    title = {{Do media consumers really dislike advertising? An empirical assessment of the role of advertising in print media markets}},
    year = {2009},
    journal = {International Journal of Industrial Organization},
    author = {Kaiser, Ulrich and Song, Minjae},
    number = {2},
    pages = {292--301},
    volume = {27},
    url = {http://www.sciencedirect.com/science/article/pii/S0167718708000957},
    doi = {https://doi.org/10.1016/j.ijindorg.2008.09.003},
    issn = {0167-7187},
    keywords = {Advertising, Mean Group Estimation, Media markets, Nuisance, Random coefficients model, Two-sided markets}
}

@article{doi:10.1509/jmkg.73.6.33,
    title = {{Does Advertising Spending Influence Media Coverage of the Advertiser?}},
    year = {2009},
    journal = {Journal of Marketing},
    author = {Rinallo, Diego and Basuroy, Suman},
    number = {6},
    pages = {33--46},
    volume = {73},
    url = {https://doi.org/10.1509/jmkg.73.6.33},
    doi = {10.1509/jmkg.73.6.33}
}

@article{doi:10.1080/02650487.2002.11104925,
    title = {{Does advertising stimulate sales or mainly deliver signals? A multivariate analysis}},
    year = {2002},
    journal = {International Journal of Advertising},
    author = {Hsu, Maxwell K and Darrat, Ali F and Zhong, Maosen and Abosedra, Salah S},
    number = {2},
    pages = {175--195},
    volume = {21},
    publisher = {Routledge},
    url = {https://doi.org/10.1080/02650487.2002.11104925},
    doi = {10.1080/02650487.2002.11104925}
}

@article{doi:10.1509/jppm.12.053,
    title = {{Evidence on the Effects of Mandatory Disclaimers in Advertising}},
    year = {2012},
    journal = {Journal of Public Policy {\&} Marketing},
    author = {Green, Kesten C and Armstrong, J Scott},
    number = {2},
    pages = {293--304},
    volume = {31},
    url = {https://doi.org/10.1509/jppm.12.053},
    doi = {10.1509/jppm.12.053}
}

@article{doi:10.1177/107769900408100402,
    title = {{Exploring the Effects of Online Advertising on Readers' Perceptions of Online News}},
    year = {2004},
    journal = {Journalism {\&} Mass Communication Quarterly},
    author = {Yang, Hyeseung and Oliver, Mary Beth},
    number = {4},
    pages = {733--749},
    volume = {81},
    url = {https://doi.org/10.1177/107769900408100402},
    doi = {10.1177/107769900408100402}
}

@article{STUHMEIER201198,
    title = {{Getting beer during commercials: Adverse effects of ad-avoidance}},
    year = {2011},
    journal = {Information Economics and Policy},
    author = {St{\"{u}}hmeier, Torben and Wenzel, Tobias},
    number = {1},
    pages = {98--106},
    volume = {23},
    url = {http://www.sciencedirect.com/science/article/pii/S016762451000048X},
    doi = {https://doi.org/10.1016/j.infoecopol.2010.09.002},
    issn = {0167-6245},
    keywords = {Ad-avoidance, Media markets, Two-sided markets}
}

@article{Pinkovskiy2017,
    title = {{Growth discontinuities at borders}},
    year = {2017},
    journal = {Journal of Economic Growth},
    author = {Pinkovskiy, Maxim L},
    pages = {145--192},
    volume = {22},
    doi = {10.1007/s10887-016-9139-2},
    keywords = {Economic Growth and Development, Institutions, National borders, Nighttime lights data, Public goods}
}

@article{doi:10.1177/107769908606300221,
    title = {{Impact of Arousing Commercials on Perceptions of TV News}},
    year = {1986},
    journal = {Journalism Quarterly},
    author = {Finn, Seth and Hickson, Terry M},
    number = {2},
    pages = {369--371},
    volume = {63},
    url = {https://doi.org/10.1177/107769908606300221},
    doi = {10.1177/107769908606300221}
}

@inproceedings{10.1145/3219819.3219924,
    title = {{Infrastructure Quality Assessment in Africa Using Satellite Imagery and Deep Learning}},
    year = {2018},
    booktitle = {Proceedings of the 24th ACM SIGKDD International Conference on Knowledge Discovery {\&} Data Mining},
    author = {Oshri, Barak and Hu, Annie and Adelson, Peter and Chen, Xiao and Dupas, Pascaline and Weinstein, Jeremy and Burke, Marshall and Lobell, David and Ermon, Stefano},
    pages = {616–625},
    series = {KDD ’18},
    publisher = {Association for Computing Machinery},
    url = {https://doi.org/10.1145/3219819.3219924},
    address = {New York, NY, USA},
    isbn = {9781450355520},
    doi = {10.1145/3219819.3219924},
    keywords = {applied computing, computer vision, computing methodologies, economics, neural networks}
}

@article{Lee2018,
    title = {{International isolation and regional inequality: Evidence from sanctions on North Korea}},
    year = {2018},
    journal = {Journal of Urban Economics},
    author = {Lee, Yong Suk},
    month = {1},
    pages = {34--51},
    volume = {103},
    publisher = {Academic Press Inc.},
    doi = {10.1016/j.jue.2017.11.002},
    issn = {00941190},
    keywords = {Economic geography, Economic sanctions, Elite capture, Import substitution, North Korea, Regional inequality}
}

@article{BENELHADJBENBRAHIM2011678,
    title = {{Is targeted advertising always beneficial?}},
    year = {2011},
    journal = {International Journal of Industrial Organization},
    author = {Brahim, Nada Ben Elhadj-Ben and Lahmandi-Ayed, Rim and Laussel, Didier},
    number = {6},
    pages = {678--689},
    volume = {29},
    url = {http://www.sciencedirect.com/science/article/pii/S0167718711000270},
    doi = {https://doi.org/10.1016/j.ijindorg.2011.03.002},
    issn = {0167-7187},
    keywords = {Advertising cost, Spatial differentiation, Targeted and random advertising}
}

@article{10.2307/1882010,
    title = {{Job Market Signaling}},
    year = {1973},
    journal = {The Quarterly Journal of Economics},
    author = {Spence, Michael},
    number = {3},
    pages = {355--374},
    volume = {87},
    publisher = {Oxford University Press},
    url = {http://www.jstor.org/stable/1882010},
    issn = {00335533, 15314650}
}

@article{Pinkovskiy2016,
    title = {{Lights, Camera {\ldots} Income! Illuminating the National Accounts-Household Surveys Debate}},
    year = {2016},
    journal = {The Quarterly Journal of Economics},
    author = {Pinkovskiy, Maxim and Sala-i-Martin, Xavier},
    number = {2},
    month = {5},
    pages = {579--631},
    volume = {131},
    publisher = {Oxford Academic},
    doi = {10.1093/qje/qjw003},
    issn = {0033-5533}
}

@article{Campante2018,
    title = {{Long-Range Growth: Economic Development in the Global Network of Air Links}},
    year = {2018},
    journal = {The Quarterly Journal of Economics},
    author = {Campante, Filipe and Yanagizawa-Drott, David},
    number = {3},
    month = {8},
    pages = {1395--1458},
    volume = {133},
    publisher = {Oxford Academic},
    doi = {10.1093/qje/qjx050},
    issn = {0033-5533}
}

@article{Henderson2012,
    title = {{Measuring Economic Growth from Outer Space}},
    year = {2012},
    journal = {American Economic Review},
    author = {Henderson, J Vernon and Storeygard, Adam and Weil, David N},
    number = {2},
    pages = {994--1028},
    doi = {10.1257/aer.102.2.994}
}

@article{doi:10.1086/499414,
    title = {{Media Bias and Reputation}},
    year = {2006},
    journal = {Journal of Political Economy},
    author = {Gentzkow, Matthew and Shapiro, Jesse M},
    number = {2},
    pages = {280--316},
    volume = {114},
    url = {https://doi.org/10.1086/499414},
    doi = {10.1086/499414}
}

@article{Michalopoulos2014,
    title = {{National Institutions and Subnational Development in Africa}},
    year = {2014},
    journal = {The Quarterly Journal of Economics},
    author = {Michalopoulos, Stelios and Papaioannou, Elias},
    number = {1},
    month = {2},
    pages = {151--213},
    volume = {129},
    publisher = {Oxford Academic},
    doi = {10.1093/qje/qjt029},
    issn = {0033-5533}
}

@article{10.1086/651566,
    title = {{Nonprofits Are Seen as Warm and For-Profits as Competent: Firm Stereotypes Matter}},
    year = {2010},
    journal = {Journal of Consumer Research},
    author = {Mogilner, Cassie and Aaker, Jennifer and Vohs, Kathleen D},
    number = {2},
    pages = {224--237},
    volume = {37},
    url = {https://doi.org/10.1086/651566},
    doi = {10.1086/651566},
    issn = {0093-5301}
}

@article{10.1257/aer.96.3.756,
    title = {{On the Simple Economics of Advertising, Marketing, and Product Design}},
    year = {2006},
    journal = {American Economic Review},
    author = {Johnson, Justin P and Myatt, David P},
    number = {3},
    month = {6},
    pages = {756--784},
    volume = {96},
    url = {http://www.aeaweb.org/articles?id=10.1257/aer.96.3.756},
    doi = {10.1257/aer.96.3.756}
}

@article{BLASCO2016243,
    title = {{Paying positive to go negative: Advertisers' competition and media reports}},
    year = {2016},
    journal = {European Economic Review},
    author = {Blasco, Andrea and Pin, Paolo and Sobbrio, Francesco},
    pages = {243--261},
    volume = {83},
    url = {http://www.sciencedirect.com/science/article/pii/S0014292116300058},
    doi = {https://doi.org/10.1016/j.euroecorev.2016.01.005},
    issn = {0014-2921},
    keywords = {Advertising, Commercial Media Bias, Competition, Media accuracy, Two-sided market}
}

@article{doi:10.1146/annurev.economics.102308.124309,
    title = {{Persuasion: Empirical Evidence}},
    year = {2010},
    journal = {Annual Review of Economics},
    author = {DellaVigna, Stefano and Gentzkow, Matthew},
    number = {1},
    pages = {643--669},
    volume = {2},
    url = {https://doi.org/10.1146/annurev.economics.102308.124309},
    doi = {10.1146/annurev.economics.102308.124309}
}

@article{10.1257/mic.3.4.1,
    title = {{Platform Siphoning: Ad-Avoidance and Media Content}},
    year = {2011},
    journal = {American Economic Journal: Microeconomics},
    author = {Anderson, Simon P and Gans, Joshua S},
    number = {4},
    month = {11},
    pages = {1--34},
    volume = {3},
    url = {http://www.aeaweb.org/articles?id=10.1257/mic.3.4.1},
    doi = {10.1257/mic.3.4.1}
}

@article{Bleakley2012,
    title = {{Portage and path dependence}},
    year = {2012},
    journal = {Quarterly Journal of Economics},
    author = {Bleakley, Hoyt and Lin, Jeffrey},
    doi = {10.1093/qje/qjs011},
    issn = {00335533},
    pmid = {23935217}
}

@article{doi:10.1207/S15327736ME1304,
    title = {{Readers' Attitudes Toward Press Advertising: Are They Ad-Lovers or Ad-Averse?}},
    year = {2000},
    journal = {Journal of Media Economics},
    author = {Sonnac, Nathalie},
    number = {4},
    pages = {249--259},
    volume = {13},
    publisher = {Routledge},
    url = {https://doi.org/10.1207/S15327736ME1304_4},
    doi = {10.1207/S15327736ME1304{\_}4}
}

@article{doi:10.1080/21670811.2013.865967,
    title = {{Salvation Or Folly?}},
    year = {2014},
    journal = {Digital Journalism},
    author = {Pickard, Victor and Williams, Alex T},
    number = {2},
    pages = {195--213},
    volume = {2},
    publisher = {Routledge},
    url = {https://doi.org/10.1080/21670811.2013.865967},
    doi = {10.1080/21670811.2013.865967}
}

@article{doi:10.1080/21670811.2017.1293488,
    title = {{Saving Media or Trading on Trust?}},
    year = {2018},
    journal = {Digital Journalism},
    author = {Amazeen, Michelle A and Muddiman, Ashley R},
    number = {2},
    pages = {176--195},
    volume = {6},
    publisher = {Routledge},
    url = {https://doi.org/10.1080/21670811.2017.1293488},
    doi = {10.1080/21670811.2017.1293488}
}

@article{WANG200453,
    title = {{Signaling the trustworthiness of small online retailers}},
    year = {2004},
    journal = {Journal of Interactive Marketing},
    author = {Wang, Sijun and Beatty, Sharon E and Foxx, William},
    number = {1},
    pages = {53--69},
    volume = {18},
    url = {http://www.sciencedirect.com/science/article/pii/S1094996804700973},
    doi = {https://doi.org/10.1002/dir.10071},
    issn = {1094-9968}
}

@article{10.2307/3152097,
    title = {{Signaling Unobservable Product Quality through a Brand Ally}},
    year = {1999},
    journal = {Journal of Marketing Research},
    author = {Rao, Akshay R and Qu, Lu and Ruekert, Robert W},
    number = {2},
    pages = {258--268},
    volume = {36},
    publisher = {American Marketing Association},
    url = {http://www.jstor.org/stable/3152097},
    issn = {00222437}
}

@article{doi:10.1111/1756-2171.12014,
    title = {{Targeted advertising and advertising avoidance}},
    year = {2013},
    journal = {The RAND Journal of Economics},
    author = {Johnson, Justin P},
    number = {1},
    pages = {128--144},
    volume = {44},
    url = {https://onlinelibrary.wiley.com/doi/abs/10.1111/1756-2171.12014},
    doi = {10.1111/1756-2171.12014}
}

@article{doi:10.1111/jems.12200,
    title = {{Targeted advertising, platform competition, and privacy}},
    year = {2017},
    journal = {Journal of Economics {\&} Management Strategy},
    author = {Kox, Henk and Straathof, Bas and Zwart, Gijsbert},
    number = {3},
    pages = {557--570},
    volume = {26},
    url = {https://onlinelibrary.wiley.com/doi/abs/10.1111/jems.12200},
    doi = {10.1111/jems.12200}
}

@article{doi:10.1177/0002764216660140,
    title = {{The Deceptiveness of Sponsored News Articles: How Readers Recognize and Perceive Native Advertising}},
    year = {2016},
    journal = {American Behavioral Scientist},
    author = {Wojdynski, Bartosz W},
    number = {12},
    pages = {1475--1491},
    volume = {60},
    url = {https://doi.org/10.1177/0002764216660140},
    doi = {10.1177/0002764216660140}
}

@article{doi:10.1509/jmr.13.0439,
    title = {{The Economic and Cognitive Costs of Annoying Display Advertisements}},
    year = {2014},
    journal = {Journal of Marketing Research},
    author = {Goldstein, Daniel G and Suri, Siddharth and McAfee, R Preston and Ekstrand-Abueg, Matthew and Diaz, Fernando},
    number = {6},
    pages = {742--752},
    volume = {51},
    url = {https://doi.org/10.1509/jmr.13.0439},
    doi = {10.1509/jmr.13.0439}
}

@article{TUCKER2012326,
    title = {{The economics of advertising and privacy}},
    year = {2012},
    journal = {International Journal of Industrial Organization},
    author = {Tucker, Catherine E},
    number = {3},
    pages = {326--329},
    volume = {30},
    url = {http://www.sciencedirect.com/science/article/pii/S0167718711001147},
    doi = {https://doi.org/10.1016/j.ijindorg.2011.11.004},
    issn = {0167-7187},
    keywords = {Online advertising, Privacy, Targeting}
}

@article{white,
    title = {{The Effects of Negative Information Transference in the Celebrity Endorsement Relationship}},
    year = {2009},
    journal = {International Journal of Retail and Distribution Management},
    author = {W. White, Darin and Goddard, Lucretia and Wilbur, Nick},
    pages = {322--335},
    volume = {37},
    doi = {10.1108/09590550910948556}
}

@article{HU2010407,
    title = {{The effects of Web assurance seals on consumers' initial trust in an online vendor: A functional perspective}},
    year = {2010},
    journal = {Decision Support Systems},
    author = {Hu, Xiaorui and Wu, Guohua and Wu, Yuhong and Zhang, Han},
    number = {2},
    pages = {407--418},
    volume = {48},
    url = {http://www.sciencedirect.com/science/article/pii/S0167923609002152},
    doi = {https://doi.org/10.1016/j.dss.2009.10.004},
    issn = {0167-9236},
    keywords = {E-commerce, Initial trust, Privacy, Security, Transaction integrity, Web assurance seal}
}

@article{10.1162/qjec.122.3.1187,
    title = {{The Fox News Effect: Media Bias and Voting*}},
    year = {2007},
    journal = {The Quarterly Journal of Economics},
    author = {DellaVigna, Stefano and Kaplan, Ethan},
    number = {3},
    pages = {1187--1234},
    volume = {122},
    url = {https://doi.org/10.1162/qjec.122.3.1187},
    doi = {10.1162/qjec.122.3.1187},
    issn = {0033-5533}
}

@article{Henderson2018,
    title = {{The Global Distribution of Economic Activity: Nature, History, and the Role of Trade}},
    year = {2018},
    journal = {The Quarterly Journal of Economics},
    author = {Henderson, J Vernon and Squires, Tim and Storeygard, Adam and Weil, David},
    number = {1},
    month = {2},
    pages = {357--406},
    volume = {133},
    publisher = {Oxford Academic},
    doi = {10.1093/qje/qjx030},
    issn = {0033-5533}
}

@article{BLEIER2015390,
    title = {{The Importance of Trust for Personalized Online Advertising}},
    year = {2015},
    journal = {Journal of Retailing},
    author = {Bleier, Alexander and Eisenbeiss, Maik},
    number = {3},
    pages = {390--409},
    volume = {91},
    url = {http://www.sciencedirect.com/science/article/pii/S0022435915000263},
    doi = {https://doi.org/10.1016/j.jretai.2015.04.001},
    issn = {0022-4359},
    keywords = {Online advertising, Personalization, Privacy, Reactance, Retargeting, Trust}
}

@article{doi:10.1080/10955040701313198,
    title = {{The Influence of Humor in Radio Advertising on Program Enjoyment and Future Intent to Listen}},
    year = {2006},
    journal = {Journal of Radio Studies},
    author = {Benson, Amanda and Perry, Stephen D},
    number = {2},
    pages = {169--186},
    volume = {13},
    publisher = {Routledge},
    url = {https://doi.org/10.1080/10955040701313198},
    doi = {10.1080/10955040701313198}
}

@article{Lobell2013,
    title = {{The use of satellite data for crop yield gap analysis}},
    year = {2013},
    journal = {Field Crops Research},
    author = {Lobell, David B},
    pages = {56--64},
    volume = {143},
    url = {http://www.sciencedirect.com/science/article/pii/S0378429012002754},
    doi = {10.1016/j.fcr.2012.08.008},
    issn = {03784290},
    keywords = {Agronomy, GIS, Remote sensing}
}

@misc{Donaldson2016,
    title = {{The view from above: Applications of satellite data in economics}},
    year = {2016},
    booktitle = {Journal of Economic Perspectives},
    author = {Donaldson, Dave and Storeygard, Adam},
    number = {4},
    month = {9},
    pages = {171--198},
    volume = {30},
    publisher = {American Economic Association},
    doi = {10.1257/jep.30.4.171},
    issn = {08953309}
}

@article{Faber2019,
    title = {{Tourism and economic development: Evidence from Mexico's coastline}},
    year = {2019},
    journal = {American Economic Review},
    author = {Faber, Benjamin and Gaubert, Cecile},
    number = {6},
    pages = {2245--2293},
    volume = {109},
    publisher = {American Economic Association},
    doi = {10.1257/aer.20161434},
    issn = {19447981}
}

@article{doi:10.1080/15205430903128924,
    title = {{Trivializing the News? Affective Context Effects of Commercials on the Perception of Television News}},
    year = {2010},
    journal = {Mass Communication and Society},
    author = {Wirth, Werner and Schemer, Christian and Matthes, Jörg},
    number = {2},
    pages = {139--156},
    volume = {13},
    publisher = {Routledge},
    url = {https://doi.org/10.1080/15205430903128924},
    doi = {10.1080/15205430903128924}
}

@article{doi:10.1287/orsc.14.1.5.12810,
    title = {{Trust Transfer on the World Wide Web}},
    year = {2003},
    journal = {Organization Science},
    author = {Stewart, Katherine J},
    number = {1},
    pages = {5--17},
    volume = {14},
    url = {https://doi.org/10.1287/orsc.14.1.5.12810},
    doi = {10.1287/orsc.14.1.5.12810}
}

@article{Aiken2006,
    title = {{Trustmarks, objective-source ratings, and implied investments in advertising: Investigating online trust and the context-specific nature of internet signals}},
    year = {2006},
    journal = {Journal of the Academy of Marketing Science},
    author = {Aiken, K Damon and Boush, David M},
    number = {3},
    month = {6},
    pages = {308},
    volume = {34},
    url = {https://doi.org/10.1177/0092070304271004},
    doi = {10.1177/0092070304271004},
    issn = {1552-7824}
}

@article{Chen2011,
    title = {{Using luminosity data as a proxy for economic statistics.}},
    year = {2011},
    journal = {Proceedings of the National Academy of Sciences of the United States of America},
    author = {Chen, Xi and Nordhaus, William D},
    number = {21},
    month = {5},
    pages = {8589--94},
    volume = {108},
    publisher = {National Academy of Sciences},
    url = {http://www.ncbi.nlm.nih.gov/pubmed/21576474 http://www.pubmedcentral.nih.gov/articlerender.fcgi?artid=PMC3102367},
    doi = {10.1073/pnas.1017031108},
    issn = {1091-6490},
    pmid = {21576474}
}

@article{10.2307/20485340,
    title = {{What Do That Papers Sell? A Model of Advertising and Media Bias}},
    year = {2009},
    journal = {The Economic Journal},
    author = {Ellman, Matthew and Germano, Fabrizio},
    number = {537},
    pages = {680--704},
    volume = {119},
    publisher = {[Royal Economic Society, Wiley]},
    url = {http://www.jstor.org/stable/20485340},
    issn = {00130133, 14680297}
}

@inproceedings{Fogg:2001:MWS:365024.365037,
    title = {{What Makes Web Sites Credible?: A Report on a Large Quantitative Study}},
    year = {2001},
    booktitle = {Proceedings of the SIGCHI Conference on Human Factors in Computing Systems},
    author = {Fogg, B J and Marshall, Jonathan and Laraki, Othman and Osipovich, Alex and Varma, Chris and Fang, Nicholas and Paul, Jyoti and Rangnekar, Akshay and Shon, John and Swani, Preeti and Treinen, Marissa},
    pages = {61--68},
    series = {CHI '01},
    publisher = {ACM},
    url = {http://doi.acm.org/10.1145/365024.365037},
    address = {New York, NY, USA},
    isbn = {1-58113-327-8},
    doi = {10.1145/365024.365037},
    keywords = {Web design, World Wide Web, captology, credibility, expertise, online research, trustworthiness, usability}
}

@article{10.1162/qjec.2010.125.1.263,
    title = {{What's Advertising Content Worth? Evidence from a Consumer Credit Marketing Field Experiment*}},
    year = {2010},
    journal = {The Quarterly Journal of Economics},
    author = {Bertrand, Marianne and Karlan, Dean and Mullainathan, Sendhil and Shafir, Eldar and Zinman, Jonathan},
    number = {1},
    pages = {263--306},
    volume = {125},
    url = {https://doi.org/10.1162/qjec.2010.125.1.263},
    doi = {10.1162/qjec.2010.125.1.263},
    issn = {0033-5533}
}

@techreport{NBERw23058,
    title = {{Will Ad Blocking Break the Internet?}},
    year = {2017},
    author = {Shiller, Ben and Waldfogel, Joel and Ryan, Johnny},
    number = {23058},
    month = {1},
    series = {Working Paper Series},
    url = {http://www.nber.org/papers/w23058},
    institution = {National Bureau of Economic Research},
    doi = {10.3386/w23058}
}

@article{ZAROUALI2017157,
    title = {{“Do you like cookies?” Adolescents' skeptical processing of retargeted Facebook-ads and the moderating role of privacy concern and a textual debriefing}},
    year = {2017},
    journal = {Computers in Human Behavior},
    author = {Zarouali, Brahim and Ponnet, Koen and Walrave, Michel and Poels, Karolien},
    pages = {157--165},
    volume = {69},
    url = {http://www.sciencedirect.com/science/article/pii/S0747563216307993},
    doi = {https://doi.org/10.1016/j.chb.2016.11.050},
    issn = {0747-5632},
    keywords = {Adolescents, Advertising, Debriefing, Privacy concern, Social networking site}
}

@article{Bonhard2006KnowingSystems,
    title = {{'Knowing me, knowing you' - Using profiles and social networking to improve recommender systems}},
    year = {2006},
    journal = {BT Technology Journal},
    author = {Bonhard, P. and Sasse, M. A.},
    number = {3},
    month = {7},
    pages = {84--98},
    volume = {24},
    publisher = {Springer},
    doi = {10.1007/s10550-006-0080-3},
    issn = {13583948},
    keywords = {Communications Engineering, Computer Communication Networks, Networks}
}

@article{5454787,
    title = {{5454787}}
}

@misc{Domingos2012ALearning,
    title = {{A few useful things to know about machine learning}},
    year = {2012},
    booktitle = {Communications of the ACM},
    author = {Domingos, Pedro},
    number = {10},
    month = {10},
    pages = {78--87},
    volume = {55},
    url = {http://dl.acm.org/citation.cfm?doid=2347736.2347755},
    doi = {10.1145/2347736.2347755},
    issn = {00010782}
}

@unpublished{Wang2013ACrowdsourcing,
    title = {{A Framework for Quality Assurance in Crowdsourcing}},
    year = {2013},
    author = {Wang, Jing and Ipeirotis, Panagiotis G and Provost, Foster},
    url = {https://archive.nyu.edu/jspui/bitstream/2451/31833/4/Framework%20for%20QA%20in%20Crowdsourcing.pdf}
}

@article{Sillence2006AAdvice,
    title = {{A framework for understanding trust factors in web-based health advice}},
    year = {2006},
    journal = {International Journal of Human - Computer Studies},
    author = {Sillence, Elizabeth and Briggs, Pam and Harris, Peter and Fishwick, Lesley},
    number = {8},
    pages = {697--713},
    volume = {64},
    publisher = {Elsevier Ltd},
    doi = {10.1016/j.ijhcs.2006.02.007},
    issn = {1071-5819},
    keywords = {Computer-Mediated Communication, Credibility, Engineering, Framework, Health, Internet, Social Identity, Trust}
}

@article{Ferreira2016AResults,
    title = {{A Global Count of the Extreme Poor in 2012: Data Issues, Methodology and Initial Results}},
    year = {2016},
    journal = {Journal of Economic Inequality},
    author = {Ferreira, Francisco H G and Chen, Shaohua and Dabalen, Andrew and Dikhanov, Yuri and Hamadeh, Nada and Jolliffe, Dean and Narayan, Ambar and Prydz, Espen Beer and Revenga, Ana and Sangraula, Prem and Serajuddin, Umar and Yoshida, Nobuo},
    edition = {2},
    volume = {14}
}

@article{Kilic2017AAgriculture,
    title = {{A new twist on the inverse scale-productivity relationship in African agriculture}},
    year = {2017},
    author = {Kilic, Talip and Gourlay, Sydney},
    publisher = {World Bank},
    url = {http://blogs.worldbank.org/developmenttalk/new-twist-inverse-scale-productivity-relationship-african-agriculture}
}

@article{Holm1979AProcedure,
    title = {{A Simple Sequentially Rejective Multiple Test Procedure}},
    year = {1979},
    journal = {Scandinavian Journal of Statistics},
    author = {Holm, Sture},
    number = {2},
    pages = {65--70},
    volume = {6},
    publisher = {[Board of the Foundation of the Scandinavian Journal of Statistics, Wiley]},
    url = {http://www.jstor.org/stable/4615733},
    issn = {03036898, 14679469}
}

@article{Mookherjee2016APlatform,
    title = {{A Study to Determine Yield for Crop Insurance using Precision Agriculture on an Aerial Platform}},
    year = {2016},
    author = {Mookherjee, Agniswar},
    publisher = {Symbiosis Institute of Geoinformatics}
}

@article{Gutierrez2018AbatementMexico,
    title = {{Abatement expenditures, technology choice, and environmental performance: Evidence from firm responses to import competition in Mexico}},
    year = {2018},
    journal = {Journal of Development Economics},
    author = {Guti{\'{e}}rrez, Emilio and Teshima, Kensuke},
    month = {7},
    pages = {264--274},
    volume = {133},
    publisher = {Elsevier B.V.},
    doi = {10.1016/j.jdeveco.2017.11.004},
    issn = {03043878},
    keywords = {Environment, Plant-level response to trade, Remote sensing data, Technological change}
}

@article{Swain2010AdoptionCrop,
    title = {{Adoption of an unmanned helicopter for low-altitude remote sensing to estimate yield and total biomass of a rice crop}},
    year = {2010},
    journal = {Transactions of the ASABE},
    author = {Swain, K C and Thomson, S J and Jayasuriya, H P W},
    number = {1},
    pages = {21--27},
    volume = {53}
}

@article{IslamAdoptionIndia,
    title = {{Adoption of leaf color chart for nitrogen use efficiency in rice: Impact assessment of a farmer-participatory experiment in West Bengal, India}},
    author = {Islam, Zahirul and Bagchi, Bhanudeb and Hossain, Mahabub},
    url = {https://ac-els-cdn-com.proxy.library.georgetown.edu/S0378429007000755/1-s2.0-S0378429007000755-main.pdf?_tid=bb1d28d0-4acd-428b-8efc-5bda4eccc2d7&acdnat=1528403882_adbd48279248cc55fb46358f2e3e32fb},
    doi = {10.1016/j.fcr.2007.04.012},
    keywords = {Economic benefit, Farmer-participatory research, Leaf color chart (LCC), Nitrogen management, Rice, Technology adoption}
}

@article{Islam2007AdoptionIndia,
    title = {{Adoption of leaf color chart for nitrogen use efficiency in rice: Impact assessment of a farmer-participatory experiment in West Bengal, India}},
    year = {2007},
    journal = {Field Crops Research},
    author = {Islam, Zahirul and Bagchi, Bhanudeb and Hossain, Mahabub},
    pages = {70--75},
    volume = {103},
    doi = {10.1016/j.fcr.2007.04.012}
}

@misc{Mondal2009AdoptionStrategies,
    title = {{Adoption of precision agriculture technologies in India and in some developing countries: Scope, present status and strategies}},
    year = {2009},
    booktitle = {Progress in Natural Science},
    author = {Mondal, Pinaki and Basu, Manisha},
    number = {6},
    month = {6},
    pages = {659--666},
    volume = {19},
    publisher = {Science Press},
    doi = {10.1016/j.pnsc.2008.07.020},
    issn = {10020071},
    keywords = {Adoption, Developing countries, Indian agriculture, Precision agriculture}
}

@article{Feder2004AgriculturalIndonesia,
    title = {{Agricultural {\&} Applied Economics Association Sending Farmers Back to School: The Impact of Farmer Field Schools in Indonesia}},
    year = {2004},
    journal = {Source: Review of Agricultural Economics},
    author = {Feder, Gershon and Murgai, Rinku and Quizon, Jaime B},
    number = {1},
    pages = {45--62},
    volume = {26},
    doi = {10.1111/j.1467-9353.2003.00161.x}
}

@article{Cassman2002AgroecosystemsManagement,
    title = {{Agroecosystems, Nitrogen-Use Efficiency, and Nitrogen Management}},
    year = {2002},
    journal = {Ambio},
    author = {Cassman, Kenneth G and Dobermann, Achim and Walters, Daniel T},
    number = {2},
    pages = {132--140},
    volume = {31},
    publisher = {[Springer, Royal Swedish Academy of Sciences]},
    url = {www.jstor.org/stable/4315226},
    issn = {00447447, 16547209}
}

@article{Heft-Neal2019AirDust,
    title = {{Air Pollution and Infant Mortality: Evidence from Saharan Dust}},
    year = {2019},
    journal = {National Bureau of Economic Research Working Paper Series},
    author = {Heft-Neal, Sam and Burney, Jennifer and Bendavid, Eran and Voss, Kara and Burke, Marshall},
    volume = {No. 26107},
    url = {http://www.nber.org/papers/w26107 http://www.nber.org/papers/w26107.pdf},
    doi = {10.3386/w26107}
}

@inproceedings{Gupta2013AnCrowdsourcing,
    title = {{An efficient incentive compatible mechanism for paid crowdsourcing}},
    year = {2013},
    booktitle = {Advances in Intelligent Systems and Computing},
    author = {Gupta, Shalini and Mukhopadhyay, Sajal and Gosh, D},
    pages = {611--620},
    volume = {174 AISC},
    isbn = {9788132207399},
    doi = {10.1007/978-81-322-0740-5{\_}72},
    issn = {21945357},
    keywords = {Algorithmic Mechanism Design, Crowdsourcing, Reputation System, Reverse Auction, VCG Auction}
}

@article{Fourie2015ASSESSINGPHOTOGRAPHY,
    title = {{ASSESSING BIOMASS YIELD OF KALE (BRASSICA OLERACEA VAR. ACEPHALA L.) FIELDS USING MULTI-SPECTRAL AERIAL PHOTOGRAPHY}},
    year = {2015},
    author = {Fourie, Jaco and Werner, Armin and Dagorn, Nicolas},
    publisher = {Lincoln Agritech Ltd}
}

@inproceedings{Moghadam2015AutomaticSystems,
    title = {{Automatic urban illegal building detection using multi-temporal satellite images and geospatial information systems}},
    year = {2015},
    booktitle = {International Archives of the Photogrammetry, Remote Sensing and Spatial Information Sciences - ISPRS Archives},
    author = {Moghadam, N. Khalili and Delavar, M. R. and Hanachee, P.},
    number = {1W5},
    pages = {387--393},
    volume = {40},
    publisher = {International Society for Photogrammetry and Remote Sensing},
    doi = {10.5194/isprsarchives-XL-1-W5-387-2015},
    issn = {16821750},
    keywords = {Automatic illegal building detection, Building infractions, Geospatial information system, K-means, Multi-temporal satellite images}
}

@article{Bjorkegren2019BehaviorRepayment,
    title = {{Behavior Revealed in Mobile Phone Usage Predicts Credit Repayment}},
    year = {2019},
    journal = {The World Bank Economic Review},
    author = {Bj{\"{o}}rkegren, Daniel and Grissen, Darrell},
    month = {11},
    url = {https://doi.org/10.1093/wber/lhz006},
    doi = {10.1093/wber/lhz006},
    issn = {0258-6770}
}

@article{NIXON2018BestGuide,
    title = {{Best Drones For Agriculture 2018: The Ultimate Buyer’s Guide}},
    year = {2018},
    author = {NIXON, ANDREW},
    month = {3},
    url = {https://bestdroneforthejob.com/drone-buying-guides/agriculture-drone-buyers-guide/}
}

@article{McKenzie2012BeyondExperiments,
    title = {{Beyond baseline and follow-up: The case for more T in experiments}},
    year = {2012},
    journal = {Journal of Development Economics},
    author = {McKenzie, David},
    number = {2},
    pages = {210 - 221},
    volume = {99},
    url = {http://www.sciencedirect.com/science/article/pii/S030438781200003X},
    doi = {https://doi.org/10.1016/j.jdeveco.2012.01.002},
    issn = {0304-3878},
    keywords = {Multiple measurements, Program evaluation, Randomized experiments}
}

@article{Varian2014BigEconometrics,
    title = {{Big data: New tricks for econometrics}},
    year = {2014},
    journal = {Journal of Economic Perspectives},
    author = {Varian, Hal R.},
    number = {2},
    pages = {3--28},
    volume = {28},
    publisher = {American Economic Association},
    doi = {10.1257/jep.28.2.3},
    issn = {08953309}
}

@article{Chandler2013BreakingMarkets,
    title = {{Breaking monotony with meaning: Motivation in crowdsourcing markets}},
    year = {2013},
    journal = {Journal of Economic Behavior {\&} Organization},
    author = {Chandler, Dana and Kapelner, Adam},
    pages = {123 - 133},
    volume = {90},
    url = {http://www.sciencedirect.com/science/article/pii/S016726811300036X},
    doi = {https://doi.org/10.1016/j.jebo.2013.03.003},
    issn = {0167-2681},
    keywords = {Crowdsourcing, Natural field experiment, Online labor markets, Worker motivation}
}

@article{Henderson2016BuildingCities,
    title = {{Building functional cities}},
    year = {2016},
    journal = {Science},
    author = {Henderson, J Vernon and Venables, Anthony J and Regan, Tanner and Samsonov, Ilia},
    number = {6288},
    month = {5},
    pages = {946},
    volume = {352},
    url = {http://science.sciencemag.org/content/352/6288/946.abstract},
    doi = {10.1126/science.aaf7150}
}

@techreport{VernonHenderson2019BuildingFrictions,
    title = {{Building the city: urban transition and institutional frictions}},
    year = {2019},
    author = {Vernon Henderson, J and Regan, Tanner and Venables, Anthony J},
    keywords = {capital durability, city, housing investment, slums, urban form, urban growth, urban structure}
}

@article{Fishman2016CanBihar,
    title = {{Can Information Help Reduce Imbalanced Application of Fertilizers in India? Experimental Evidence from Bihar}},
    year = {2016},
    author = {Fishman, Ram and Kishore, Avinash and Rothler, Yoav and Ward, Patrick},
    doi = {10.22004/AG.ECON.235705},
    keywords = {Becker, DeGroot, India, Marschak mechanism, fertilizers, randomized controlled trial, soil testing}
}

@techreport{Fafchamps2018CanExperiment,
    title = {{Can Referral Improve Targeting? Evidence from an Agricultural Training Experiment}},
    year = {2018},
    author = {Fafchamps, Marcel and Malek, Abdul and Jakiela, Pamela and Magruder, Jeremy and Mcintosh, Craig and Pattachini, Eleonora and Thornton, Rebecca and Udry, Chris and Zenou, Yves}
}

@article{Zhao2007CanopyPrediction,
    title = {{Canopy reflectance in cotton for growth assessment and lint yield prediction}},
    year = {2007},
    journal = {European Journal of Agronomy},
    author = {Zhao, Duli and Reddy, K Raja and Kakani, V Gopal and Read, John J and Koti, Sailaja},
    number = {3},
    pages = {335 - 344},
    volume = {26},
    url = {http://www.sciencedirect.com/science/article/pii/S1161030106001626},
    doi = {https://doi.org/10.1016/j.eja.2006.12.001},
    issn = {1161-0301},
    keywords = {Aboveground biomass, Canopy reflectance, Cotton ( L.), Leaf area index, Lint yield, N fertilizer rate, Remote sensing}
}

@article{Jayachandran2017CashDeforestation,
    title = {{Cash for carbon: A randomized trial of payments for ecosystem services to reduce deforestation}},
    year = {2017},
    journal = {Science},
    author = {Jayachandran, Seema and De Laat, Joost and Lambin, Eric F. and Stanton, Charlotte Y. and Audy, Robin and Thomas, Nancy E.},
    number = {6348},
    month = {7},
    pages = {267--273},
    volume = {357},
    publisher = {American Association for the Advancement of Science},
    doi = {10.1126/science.aan0568},
    issn = {10959203}
}

@article{Burchfield2006CausesSpace,
    title = {{Causes of sprawl: A portrait from space}},
    year = {2006},
    journal = {Quarterly Journal of Economics},
    author = {Burchfield, Marcy and Overman, Henry G. and Puga, Diego and Turner, Matthew A.},
    doi = {10.1162/qjec.2006.121.2.587},
    issn = {00335533}
}

@article{Hanna2017CitywideJakarta,
    title = {{Citywide effects of high-occupancy vehicle restrictions: Evidence from “three-in-one” in Jakarta}},
    year = {2017},
    journal = {Science},
    author = {Hanna, Rema and Kreindler, Gabriel and Olken, Benjamin A.},
    number = {6346},
    month = {7},
    pages = {89--93},
    volume = {357},
    publisher = {American Association for the Advancement of Science},
    doi = {10.1126/science.aan2747},
    issn = {10959203}
}

@article{Fontaine2011ClimateVariability,
    title = {{Climate adjustments over the African-Indian monsoon regions accompanying Mediterranean Sea thermal variability}},
    year = {2011},
    journal = {Journal of Geophysical Research: Atmospheres},
    author = {Fontaine, Bernard and Monerie, Paul-Arthur and Gaetani, Marco and Roucou, Pascal},
    number = {D23},
    pages = {},
    volume = {116},
    url = {https://agupubs.onlinelibrary.wiley.com/doi/abs/10.1029/2011JD016273},
    doi = {10.1029/2011JD016273},
    keywords = {monsoon teleconnection}
}

@article{Rains2019CombiningPolicy,
    title = {{Combining satellite and survey data to study Indian slums: evidence on the range of conditions and implications for urban policy}},
    year = {2019},
    journal = {Environment and Urbanization},
    author = {Rains, Emily and Krishna, Anirudh and Wibbels, Erik},
    number = {1},
    month = {4},
    pages = {267--292},
    volume = {31},
    publisher = {SAGE Publications Ltd},
    url = {http://journals.sagepub.com/doi/10.1177/0956247818798744},
    doi = {10.1177/0956247818798744},
    issn = {0956-2478},
    keywords = {India, sampling methods, satellite images, slums, urban policy, urbanization}
}

@article{Jean2016CombiningPoverty,
    title = {{Combining satellite imagery and machine learning to predict poverty}},
    year = {2016},
    journal = {Science},
    author = {Jean, Neal and Burke, Marshall and Xie, Michael and Davis, W. Matthew and Lobell, David B. and Ermon, Stefano},
    number = {6301},
    month = {8},
    pages = {790--794},
    volume = {353},
    publisher = {American Association for the Advancement of Science},
    doi = {10.1126/science.aaf7894},
    issn = {10959203}
}

@article{Francone2014ComparisonStructures,
    title = {{Comparison of leaf area index estimates by ceptometer and PocketLAI smart app in canopies with different structures}},
    year = {2014},
    journal = {Field Crops Research},
    author = {Francone, C and Pagani, V and Foi, M and Cappelli, G and Confalonieri, R},
    pages = {38--41},
    volume = {155},
    doi = {10.1016/j.fcr.2013.09.024}
}

@inproceedings{Rokicki2014CompetitiveCrowdsourcing,
    title = {{Competitive Game Designs for Improving the Cost Effectiveness of Crowdsourcing}},
    year = {2014},
    booktitle = {Proceedings of the 23rd ACM International Conference on conference on information and knowledge management},
    author = {Rokicki, Markus and Chelaru, Sergiu and Zerr, Sergej and Siersdorfer, Stefan},
    pages = {1469--1478},
    series = {CIKM '14},
    publisher = {ACM},
    isbn = {9781450325981},
    keywords = {Competitions ; Crowdsourcing ; Lotteries ; Reward Schemes ; Computer Science},
    language = {eng}
}

@article{Gourlay2017CouldUganda,
    title = {{Could the Debate Be Over? Errors in Farmer-Reported Production and Their Implications for the Inverse Scale-Productivity Relationship in Uganda}},
    year = {2017},
    journal = {Policy Research Working Paper},
    author = {Gourlay, Sydney and Kilic, Talip and Lobell, David},
    publisher = {World Bank Group}
}

@techreport{USDA2019CropSummary,
    title = {{Crop Production 2018 Summary}},
    year = {2019},
    author = {{USDA}},
    month = {12},
    url = {https://www.nass.usda.gov/Publications/Todays_Reports/reports/cropan19.pdf},
    institution = {United States Department of Agriculture}
}

@article{Bailard2014CrowdsourcingElection,
    title = {{Crowdsourcing Accountability in a Nigerian Election}},
    year = {2014},
    journal = {Journal of Information Technology {\&} Politics},
    author = {Bailard, Catie Snow and Livingston, Steven},
    number = {4},
    pages = {349--367},
    volume = {11},
    publisher = {Routledge},
    url = {https://doi.org/10.1080/19331681.2014.947056},
    doi = {10.1080/19331681.2014.947056}
}

@inproceedings{DiPalantino2009CrowdsourcingAuctions,
    title = {{Crowdsourcing and All-pay Auctions}},
    year = {2009},
    booktitle = {Proceedings of the 10th ACM Conference on Electronic Commerce},
    author = {DiPalantino, Dominic and Vojnovic, Milan},
    pages = {119--128},
    series = {EC '09},
    publisher = {ACM},
    url = {http://doi.acm.org/10.1145/1566374.1566392},
    address = {New York, NY, USA},
    isbn = {978-1-60558-458-4},
    doi = {10.1145/1566374.1566392},
    keywords = {all-pay auctions, contests, crowdsourcing, game theory}
}

@inproceedings{Yang2008CrowdsourcingTaskcn,
    title = {{Crowdsourcing and knowledge sharing: strategic user behavior on taskcn}},
    year = {2008},
    booktitle = {EC},
    author = {Yang, Jiang and Adamic, Lada A and Ackerman, Mark S}
}

@article{Glaeser2016Crowdsourcing,
    title = {{Crowdsourcing City Government: Using Tournaments to Improve Inspection Accuracy †}},
    year = {2016},
    journal = {American Economic Review},
    author = {Glaeser, Edward L and Hillis, Andrew and Kominers, Scott Duke and Luca, Michael},
    number = {5},
    pages = {114--118},
    volume = {106},
    publisher = {American Economic Association},
    issn = {0002-8282},
    keywords = {Law ; Economics;},
    language = {eng}
}

@inproceedings{Yang2012CrowdsourcingSensing,
    title = {{Crowdsourcing to Smartphones: Incentive Mechanism Design for Mobile Phone Sensing}},
    year = {2012},
    booktitle = {Proceedings of the 18th Annual International Conference on Mobile Computing and Networking},
    author = {Yang, Dejun and Xue, Guoliang and Fang, Xi and Tang, Jian},
    pages = {173--184},
    series = {Mobicom '12},
    publisher = {ACM},
    url = {http://doi.acm.org/10.1145/2348543.2348567},
    address = {New York, NY, USA},
    isbn = {978-1-4503-1159-5},
    doi = {10.1145/2348543.2348567},
    keywords = {crowdsourcing, incentive mechanism design, mobile phone sensing}
}

@article{Houborg2018DailyData,
    title = {{Daily Retrieval of NDVI and LAI at 3 m Resolution via the Fusion of CubeSat, Landsat, and MODIS Data}},
    year = {2018},
    journal = {Remote Sensing},
    author = {Houborg, Rasmus and McCabe, Matthew F},
    number = {6},
    volume = {10},
    url = {https://www.mdpi.com/2072-4292/10/6/890},
    doi = {10.3390/rs10060890},
    issn = {2072-4292}
}

@article{Duflo2007Dams,
    title = {{Dams}},
    year = {2007},
    journal = {Quarterly Journal of Economics},
    author = {Duflo, Esther and Pande, Rohini},
    doi = {10.1162/qjec.122.2.601},
    issn = {00335533}
}

@article{Lecun2015DeepLearning,
    title = {{Deep learning}},
    year = {2015},
    journal = {Nature},
    author = {Lecun, Yann and Bengio, Yoshua and Hinton, Geoffrey},
    number = {7553},
    month = {5},
    pages = {436--444},
    volume = {521},
    publisher = {Nature Publishing Group},
    doi = {10.1038/nature14539},
    issn = {14764687},
    pmid = {26017442},
    keywords = {Computer science, Mathematics and computing}
}

@article{Souza-Rodrigues2019DeforestationAnalysis,
    title = {{Deforestation in the Amazon: A Unified Framework for Estimation and Policy Analysis}},
    year = {2019},
    journal = {The Review of Economic Studies},
    author = {Souza-Rodrigues, Eduardo},
    number = {6},
    month = {11},
    pages = {2713--2744},
    volume = {86},
    publisher = {Oxford Academic},
    doi = {10.1093/restud/rdy070},
    issn = {0034-6527}
}

@article{Confalonieri2013DevelopmentMethods,
    title = {{Development of an app for estimating leaf area index using a smartphone. Trueness and precision determination and comparison with other indirect methods}},
    year = {2013},
    author = {Confalonieri, R and Foi, M and Casa, R and Aquaro, S and Tona, E and Peterle, M and Boldini, A and Carli, G De and Ferrari, A and Finotto, G and Guarneri, T and Manzoni, V and Movedi, E and Nisoli, A and Paleari, L and Radici, I and Suardi, M and Veronesi, D and Bregaglio, S and Cappelli, G and Chiodini, M E and Dominoni, P and Francone, C and Frasso, N and Stella, T and Acutis, M},
    pages = {67 - 74},
    volume = {96},
    doi = {10.1016/j.compag.2013.04.019}
}

@techreport{Duflo2010DiffusionReport,
    title = {{Diffusion of Technologies Within Social Networks Evidence from a Coffee Training Program in Rwanda-Final Report}},
    year = {2010},
    author = {Duflo, Esther and Suri, Tavneet}
}

@techreport{Pinkovskiy2013EconomicNight,
    title = {{Economic Discontinuities at Borders: Evidence from Satellite Data on Lights at Night}},
    year = {2013},
    author = {Pinkovskiy, Maxim L}
}

@misc{Foster2003EconomicForests,
    title = {{Economic growth and the rise of forests}},
    year = {2003},
    booktitle = {Quarterly Journal of Economics},
    author = {Foster, Andrew D. and Rosenzweig, Mark R.},
    doi = {10.1162/003355303321675464},
    issn = {00335533}
}

@techreport{Emerick2017EnhancingTechnology,
    title = {{Enhancing the diffusion of information about agricultural technology}},
    year = {2017},
    author = {Emerick, Kyle and De Janvry, Alain and Sadoulet, Elisabeth and Dar, Manzoor H}
}

@article{Pampolino2007EnvironmentalSystems,
    title = {{Environmental impact and economic benefits of site-specific nutrient management (SSNM) in irrigated rice systems}},
    year = {2007},
    journal = {Agricultural Systems},
    author = {Pampolino, M. F. and Manguiat, I. J. and Ramanathan, S. and Gines, H. C. and Tan, P. S. and Chi, T. T.N. and Rajendran, R. and Buresh, R. J.},
    number = {1-3},
    month = {3},
    pages = {1--24},
    volume = {93},
    publisher = {Elsevier},
    doi = {10.1016/j.agsy.2006.04.002},
    issn = {0308521X},
    keywords = {DNDC model, Focus group discussion, Global warming potential, Nitrogen management, Paddy rice systems, Site-specific nutrient management}
}

@article{Bendig2014EstimatingImaging,
    title = {{Estimating Biomass of Barley Using Crop Surface Models (CSMs) Derived from UAV-Based RGB Imaging}},
    year = {2014},
    journal = {Remote Sensing},
    author = {Bendig, Juliane and Bolten, Andreas and Bennertz, Simon and Broscheit, Janis and Eichfuss, Silas and Bareth, Georg},
    pages = {10395--10412},
    doi = {10.3390/rs61110395}
}

@article{Orlando2015EstimatingApp,
    title = {{Estimating leaf area index in tree species using thePocketLAI smart app}},
    year = {2015},
    journal = {Applied Vegetation Science},
    author = {Orlando, Francesca and Movedi, Ermes and Paleari, Livia and Gilardelli, Carlo and Foi, Marco and Dell'Oro, Michele and Confalonieri, Roberto},
    pages = {716--723},
    volume = {18},
    doi = {10.1111/avsc.12181}
}

@article{Lewis2005EstimatingEstimates,
    title = {{Estimating Regression Models in Which the Dependent Variable Is Based on Estimates}},
    year = {2005},
    journal = {Political Analysis},
    author = {Lewis, Jeffrey B and Linzer, Drew A},
    number = {4},
    pages = {345--364},
    volume = {13},
    publisher = {Oxford University Press},
    url = {http://www.jstor.org/stable/25791822},
    issn = {10471987, 14764989}
}

@article{Clauss2018EstimatingData,
    title = {{Estimating rice production in the Mekong Delta, Vietnam, utilizing time series of Sentinel-1 SAR data}},
    year = {2018},
    journal = {International Journal of Applied Earth Observation and Geoinformation},
    author = {Clauss, Kersten and Ottinger, Marco and Leinenkugel, Patrick and Kuenzer, Claudia},
    month = {12},
    pages = {574--585},
    volume = {73},
    publisher = {Elsevier B.V.},
    doi = {10.1016/j.jag.2018.07.022},
    issn = {1872826X},
    keywords = {Agriculture, Food security, Rice, SAR, Sentinel-1, Time series}
}

@article{Lambert2018EstimatingBelt,
    title = {{Estimating smallholder crops production at village level from Sentinel-2 time series in Mali's cotton belt}},
    year = {2018},
    journal = {Remote Sensing of Environment},
    author = {Lambert, Marie-Julie and Traor{\'{e}}, Pierre C Sibiry and Blaes, Xavier and Baret, Philippe and Defourny, Pierre},
    pages = {647 - 657},
    volume = {216},
    url = {http://www.sciencedirect.com/science/article/pii/S0034425718303146},
    doi = {https://doi.org/10.1016/j.rse.2018.06.036},
    issn = {0034-4257},
    keywords = {Cotton belt, Crop production, Mali, Sentinel-2, Smallholder agriculture}
}

@article{Ligon2008EstimatingExpenditures,
    title = {{Estimating the Effects of Aggregate Agricultural Growth on the Distribution of Expenditures}},
    year = {2008},
    journal = {World Development Report},
    author = {Ligon, Ethan and Sadoulet, Elisabeth}
}

@article{Agency2008EstimatingExpenditures,
    title = {{Estimating the Effects of Aggregate Agricultural Growth on the Distribution of Expenditures}},
    year = {2008},
    journal = {World Development Report},
    author = {Agency, European Space}
}

@article{Weiss1999EvaluationData,
    title = {{Evaluation of Canopy Biophysical Variable Retrieval Performances from the Accumulation of Large Swath Satellite Data}},
    year = {1999},
    journal = {Remote Sensing of Environment},
    author = {Weiss, M and Baret, F},
    number = {3},
    pages = {293 - 306},
    volume = {70},
    url = {http://www.sciencedirect.com/science/article/pii/S0034425799000450},
    doi = {https://doi.org/10.1016/S0034-4257(99)00045-0},
    issn = {0034-4257}
}

@article{Costinot2016EvolvingWorld,
    title = {{Evolving comparative advantage and the impact of climate change in agricultural markets: Evidence from 1.7 million fields around the world}},
    year = {2016},
    journal = {Journal of Political Economy},
    author = {Costinot, Arnaud and Donaldson, Dave and Smith, Cory},
    doi = {10.1086/684719},
    issn = {1537534X}
}

@article{ChopraExploringSettings,
    title = {{Exploring Crowdsourced Work in Low-Resource Settings}},
    author = {Chopra, Manu and Scott, Colin and Thies, William and Seshadri, Vivek},
    publisher = {Glasgow},
    url = {https://doi.org/10.1145/3290605.3300611},
    isbn = {9781450359702},
    doi = {10.1145/3290605.3300611},
    keywords = {Digitization, Low-resource Settings, Microtasks, Mobile Crowdsourcing, Regional Languages}
}

@inproceedings{Ji2017ExploringCollections,
    title = {{Exploring Diversified Incentive Strategies for Long-Term Participatory Sensing Data Collections}},
    year = {2017},
    booktitle = {Proceedings - 2017 3rd International Conference on Big Data Computing and Communications, BigCom 2017},
    author = {Ji, Xinna and Zhao, Dong and Yang, Hao and Liu, Liang},
    month = {11},
    pages = {15--22},
    publisher = {Institute of Electrical and Electronics Engineers Inc.},
    isbn = {9781538633496},
    doi = {10.1109/BIGCOM.2017.27},
    keywords = {crowdsourcing, data collection, incentive strategies, participatory sensing}
}

@article{Lobell2019EyesAnalysis,
    title = {{Eyes in the Sky, Boots on the Ground: Assessing Satellite- and Ground-Based Approaches to Crop Yield Measurement and Analysis}},
    year = {2019},
    journal = {American Journal of Agricultural Economics},
    author = {Lobell, David B and Azzari, George and Burke, Marshall and Gourlay, Sydney and Jin, Zhenong and Kilic, Talip and Murray, Siobhan},
    month = {10},
    url = {https://academic.oup.com/ajae/advance-article/doi/10.1093/ajae/aaz051/5607565},
    doi = {10.1093/ajae/aaz051},
    issn = {0002-9092}
}

@article{Schimmelpfennig2016FarmAgriculture,
    title = {{Farm Profits and Adoption of Precision Agriculture}},
    year = {2016},
    author = {Schimmelpfennig, David},
    number = {1477-2016-121190},
    pages = {46},
    series = {Economic Research Report},
    url = {http://ageconsearch.umn.edu/record/249773},
    address = {2016-10},
    doi = {10.22004/ag.econ.249773}
}

@article{Carletto2015FromPolicies,
    title = {{From Tragedy to Renaissance: Improving Agricultural Data for Better Policies}},
    year = {2015},
    journal = {The Journal of Development Studies},
    author = {Carletto, Calogero and Jolliffe, Dean and Banerjee, Raka},
    number = {2},
    pages = {133--148},
    volume = {51},
    publisher = {Routledge},
    url = {https://doi.org/10.1080/00220388.2014.968140},
    doi = {10.1080/00220388.2014.968140}
}

@article{Zhao2018GeneralizedCrowdsourcing,
    title = {{Generalized Lottery Trees: Budget-Consistent Incentive Tree Mechanisms for Crowdsourcing}},
    year = {2018},
    journal = {CoRR},
    author = {Zhao, Dong and Ma, Huadong and Ji, Xinna},
    volume = {abs/1812.09433},
    url = {http://arxiv.org/abs/1812.09433},
    arxivId = {1812.09433}
}

@article{Stamatiadis2010Ground-basedCotton,
    title = {{Ground-based canopy sensing for detecting effects of water stress in cotton}},
    year = {2010},
    journal = {Plant and Soil},
    author = {Stamatiadis, Stamatis and Tsadilas, Christos and Schepers, James S},
    number = {1},
    month = {6},
    pages = {277--287},
    volume = {331},
    url = {https://doi.org/10.1007/s11104-009-0252-2},
    doi = {10.1007/s11104-009-0252-2}
}

@unpublished{Casaburi2019HarnessingKenya,
    title = {{Harnessing ICT to Increase Agricultural Production: Evidence from Kenya}},
    year = {2019},
    author = {Casaburi, Lorenzo and Kremer, Michael and Mullainathan, Sendhil and Ramrattan, Ravindra},
    url = {https://scholar.harvard.edu/kremer/publications/harnessing-ict-increase-agricultural-productionevidence-kenya}
}

@techreport{Baseler2018Hidden,
    title = {{Hidden Income and the Perceived Returns to Migration: Experimental Evidence from Kenya *}},
    year = {2018},
    author = {Baseler, Travis},
    keywords = {D82, D83, D84 *, O15, R12, R23, asymmetric information JEL Codes: J61, hidden income, migration, perceived returns}
}

@article{Singha2019HighData,
    title = {{High resolution paddy rice maps in cloud-prone Bangladesh and Northeast India using Sentinel-1 data}},
    year = {2019},
    journal = {Scientific data},
    author = {Singha, Mrinal and Dong, Jinwei and Zhang, Geli and Xiao, Xiangming},
    number = {1},
    month = {4},
    pages = {26},
    volume = {6},
    publisher = {NLM (Medline)},
    doi = {10.1038/s41597-019-0036-3},
    issn = {20524463}
}

@article{Duflo2008HowKenya,
    title = {{How High Are Rates of Return to Fertilizer? Evidence from Field Experiments in Kenya}},
    year = {2008},
    journal = {American Economic Review},
    author = {Duflo, Esther and Kremer, Michael and Robinson, Jonathan},
    number = {2},
    month = {5},
    pages = {482--488},
    volume = {98},
    url = {https://www.aeaweb.org/articles?id=10.1257/aer.98.2.482},
    doi = {10.1257/aer.98.2.482}
}

@article{Ogutu2018HowKenya,
    title = {{How to make farming and agricultural extension more nutrition-sensitive: evidence from a randomised controlled trial in Kenya}},
    year = {2018},
    journal = {European Review of Agricultural Economics},
    author = {Ogutu, Sylvester Ochieng and Fongar, Andrea and G{\"{o}}decke, Theda and J{\"{a}}ckering, Lisa and Mwololo, Henry and Njuguna, Michael and Wollni, Meike and Qaim, Matin},
    month = {12},
    url = {https://academic.oup.com/erae/advance-article/doi/10.1093/erae/jby049/5259178},
    doi = {10.1093/erae/jby049},
    issn = {0165-1587}
}

@article{Davis2012ImpactAfrica,
    title = {{Impact of Farmer Field Schools on Agricultural Productivity and Poverty in East Africa}},
    year = {2012},
    journal = {World Development},
    author = {Davis, K. and Nkonya, E. and Kato, E. and Mekonnen, D. A. and Odendo, M. and Miiro, R. and Nkuba, J.},
    number = {2},
    month = {2},
    pages = {402--413},
    volume = {40},
    doi = {10.1016/j.worlddev.2011.05.019},
    issn = {0305750X},
    keywords = {East Africa, Extension, Farmer field schools}
}

@article{Maxwell2018ImplementationReview,
    title = {{Implementation of machine-learning classification in remote sensing: an applied review}},
    year = {2018},
    journal = {International Journal of Remote Sensing},
    author = {Maxwell, Aaron E. and Warner, Timothy A. and Fang, Fang},
    number = {9},
    month = {5},
    pages = {2784--2817},
    volume = {39},
    publisher = {Taylor {\&} Francis},
    url = {https://www.tandfonline.com/doi/full/10.1080/01431161.2018.1433343},
    doi = {10.1080/01431161.2018.1433343},
    issn = {0143-1161},
    keywords = {Land-cover classification, image classification, land-cover mapping, machine learning}
}

@article{Confalonieri2015ImprovingDevices,
    title = {{Improving in vivo plant nitrogen content estimates from digital images: Trueness and precision of a new approach as compared to other methods and commercial devices}},
    year = {2015},
    journal = {Biosystems Engineering},
    author = {Confalonieri, Roberto and Paleari, Livia and Movedi, Ermes and Pagani, Valentina and Orlando, Francesca and Foi, Marco and Barbieri, Michela and Pesenti, Michele and Cairati, Oliver and Sala, Marco S La and Besana, Riccardo and Minoli, Sara and Bellocchio, Eleonora and Croci, Silvia and Mocchi, Silvia and Lampugnani, Francesca and Lubatti, Alberto and Quarteroni, Andrea and Min, Daniele De and Signorelli, Alessandro and Ferri, Alessandro and Ruggeri, Giordano and Locatelli, Simone and Bertoglio, Matteo and Dominoni, Paolo and Bocchi, Stefano and Sacchi, Gian Attilio and Acutis, Marco},
    pages = {21 - 30},
    volume = {135},
    doi = {10.1016/j.biosystemseng.2015.04.013},
    issn = {1537-5110}
}

@article{Boudreau2011IncentivesAnalysis,
    title = {{Incentives and Problem Uncertainty in Innovation Contests: An Empirical Analysis}},
    year = {2011},
    journal = {Management Science},
    author = {Boudreau, Kevin J and Lacetera, Nicola and Lakhani, Karim R},
    number = {5},
    pages = {843--863},
    volume = {57},
    url = {https://doi.org/10.1287/mnsc.1110.1322},
    doi = {10.1287/mnsc.1110.1322}
}

@inproceedings{Kamar2012IncentivesCrowdsourcing,
    title = {{Incentives for Truthful Reporting in Crowdsourcing}},
    year = {2012},
    booktitle = {Proceedings of the 11th International Conference on Autonomous Agents and Multiagent Systems - Volume 3},
    author = {Kamar, Ece and Horvitz, Eric},
    pages = {1329--1330},
    series = {AAMAS '12},
    publisher = {International Foundation for Autonomous Agents and Multiagent Systems},
    url = {http://dl.acm.org/citation.cfm?id=2343896.2343988},
    address = {Richland, SC},
    isbn = {0-9817381-3-3, 978-0-9817381-3-0},
    keywords = {crowdsourcing systems, peer-prediction rules}
}

@article{Axbard2016IncomeData,
    title = {{Income opportunities and sea piracy in Indonesia: Evidence from satellite data}},
    year = {2016},
    journal = {American Economic Journal: Applied Economics},
    author = {Axbard, Sebastian},
    number = {2},
    pages = {154--194},
    volume = {8},
    publisher = {American Economic Association},
    doi = {10.1257/app.20140404},
    issn = {19457790}
}

@article{Shah2017IndiasDrones,
    title = {{India's aviation ministry proposes rules for commercial use of drones}},
    year = {2017},
    journal = {Reuters},
    author = {Shah, Aditi},
    month = {11},
    url = {https://in.reuters.com/article/india-drones-regulations/indias-aviation-ministry-proposes-rules-for-commercial-use-of-drones-idINKBN1D14VG}
}

@article{Matson1998IntegrationManagement,
    title = {{Integration of environmental, agronomic, and economic aspects of fertilizer management}},
    year = {1998},
    journal = {Science (Washington)},
    author = {Matson, P A and Naylor, R and Ortiz-Monasterio, I},
    number = {5360},
    month = {4},
    pages = {112--115},
    volume = {280},
    publisher = {American Association for the Advancement of Science},
    url = {https://science.sciencemag.org/content/280/5360/112},
    pmid = {16283086; 4288035},
    keywords = {D 04700:Management, Mexico, P 0000:AIR POLLUTION, Pollution Abstracts; Ecology Abstracts},
    language = {English}
}

@article{Desiere2018LandRelationship,
    title = {{Land productivity and plot size: Is measurement error driving the inverse relationship?}},
    year = {2018},
    journal = {Journal of Development Economics},
    author = {Desiere, Sam and Jolliffe, Dean},
    doi = {10.1016/j.jdeveco.2017.10.002},
    issn = {03043878},
    keywords = {Crop cutting, Ethiopia, Inverse relationship, Measurement error, Smallscale farming}
}

@article{U.S.GeologicalSurvey2016LandsatEarth2016,
    title = {{Landsat—Earth observation satellites (ver. 1.1, August 2016)}},
    year = {2016},
    journal = {U.S. Geological Survey Fact Sheet 2015–3081},
    author = {{U.S. Geological Survey}},
    publisher = {Earth Resources Observation and Science (EROS) Center},
    doi = {10.3133/fs20153081}
}

@techreport{Milusheva2016Less,
    title = {{Less Bite for Your Buck: Using Cell Phone Data to Target Disease Prevention *}},
    year = {2016},
    author = {Milusheva, Sveta and Tatem, Andrew and Ruktanonchai, Nick and Oster, Emily and Steinberg, Bryce and Alegana, Victor and Hardy, Morgan and Glick, David and Borker, Girija and Violette, William}
}

@inproceedings{Celis2013Lottery-basedMicrotasks,
    title = {{Lottery-based Payment Mechanism for Microtasks}},
    year = {2013},
    booktitle = {AAAI Workshop - Technical Report},
    author = {Celis, L and Roy, Shourya and Mishra, Vivek},
    month = {12},
    pages = {}
}

@inproceedings{Mullainathan2017MachineApproach,
    title = {{Machine learning: An applied econometric approach}},
    year = {2017},
    booktitle = {Journal of Economic Perspectives},
    author = {Mullainathan, Sendhil and Spiess, Jann},
    number = {2},
    month = {3},
    pages = {87--106},
    volume = {31},
    publisher = {American Economic Association},
    doi = {10.1257/jep.31.2.87},
    issn = {08953309}
}

@article{Clauss2018MappingSegmentation,
    title = {{Mapping rice areas with Sentinel-1 time series and superpixel segmentation}},
    year = {2018},
    journal = {International Journal of Remote Sensing},
    author = {Clauss, K. and Ottinger, M. and Kuenzer, C.},
    number = {5},
    month = {3},
    pages = {1399--1420},
    volume = {39},
    publisher = {Taylor and Francis Ltd.},
    doi = {10.1080/01431161.2017.1404162},
    issn = {13665901}
}

@article{Jain2016MappingData,
    title = {{Mapping Smallholder Wheat Yields and Sowing Dates Using Micro-Satellite Data}},
    year = {2016},
    journal = {Remote Sensing},
    author = {Jain, Meha and Srivastava, Amit and {Balwinder-Singh} and Joon, Rajiv and McDonald, Andrew and Royal, Keitasha and Lisaius, Madeline and Lobell, David},
    number = {10},
    month = {10},
    pages = {860},
    volume = {8},
    publisher = {MDPI AG},
    url = {http://www.mdpi.com/2072-4292/8/10/860},
    doi = {10.3390/rs8100860},
    issn = {2072-4292},
    keywords = {Agriculture, High-resolution satellite imagery, SkySat, Smallholder farms, Terra Bella, Yields}
}

@article{Becker1964MeasuringMethod,
    title = {{Measuring utility by a single-response sequential method}},
    year = {1964},
    journal = {Behavioral Science},
    author = {Becker, Gordon M. and Degroot, Morris H. and Marschak, Jacob},
    number = {3},
    pages = {226--232},
    volume = {9},
    url = {http://doi.wiley.com/10.1002/bs.3830090304},
    doi = {10.1002/bs.3830090304},
    issn = {00057940}
}

@article{Kondylis2015MeasuringSpace,
    title = {{Measuring Yields from Space}},
    year = {2015},
    journal = {Development Impact},
    author = {Kondylis, Florence and Burke, Marshall},
    publisher = {World Bank Group},
    url = {https://blogs.worldbank.org/impactevaluations/measuring-yields-space}
}

@article{Dong2018MethodsData,
    title = {{Methods for quantifying effects of social unrest using credit card transaction data}},
    year = {2018},
    journal = {EPJ Data Science},
    author = {Dong, Xiaowen and Meyer, Joachim and Shmueli, Erez and Bozkaya, Burçin and Pentland, Alex},
    number = {1},
    month = {12},
    volume = {7},
    publisher = {SpringerOpen},
    doi = {10.1140/epjds/s13688-018-0136-x},
    issn = {21931127},
    keywords = {Consumer behavior, Credit card transaction, Economic effect, Social shocks, Spatiotemporal pattern}
}

@article{Hammerle2017MobileConditions,
    title = {{Mobile low-cost 3D camera maize crop height measurements under field conditions}},
    year = {2017},
    journal = {Precision Agriculture},
    author = {H{\"{a}}mmerle, Martin and H{\"{o}}fle, Bernhard},
    doi = {10.1007/s11119-017-9544-3}
}

@article{NASAMODIS35,
    title = {{MODIS Data Product Non-Technical Description - MOD 35}},
    author = {{NASA}},
    url = {https://modis.gsfc.nasa.gov/data/dataprod/nontech/MOD35.php}
}

@article{Bernardes2012MonitoringImagery,
    title = {{Monitoring Biennial Bearing Effect on Coffee Yield Using MODIS Remote Sensing Imagery}},
    year = {2012},
    journal = {Remote Sensing},
    author = {Bernardes, Tiago and Moreira, Maurício Alves and Adami, Marcos and Giarolla, Angélica and Rudorff, Bernardo Friedrich Theodor},
    pages = {2492--2509},
    publisher = {National Institute for Space Research},
    doi = {10.3390/rs4092492}
}

@inproceedings{Haas1974MonitoringERTS,
    title = {{Monitoring vegetation systems in the Great Plains with ERTS}},
    year = {1974},
    booktitle = {NASA. Goddard Space Flight Center 3d ERTS-1 Symp., Vol. 1, Sect. A p 309-317 (SEE N74-30705 20-13); United States},
    author = {Haas, R and Schell, J and Deering, D},
    volume = {1},
    url = {http://search.proquest.com/docview/22161195/},
    keywords = {Great Plains Corridor (North America) ; Multispectral Photography ; Vegetation ; Cattle ; Earth Resources Program ; Grains (Food) ; Grasslands ; Rangelands ; Geophysics (Ah) ; Proceeding},
    language = {eng}
}

@article{Kayad2019MonitoringTechniques,
    title = {{Monitoring Within-Field Variability of Corn Yield using Sentinel-2 and Machine Learning Techniques}},
    year = {2019},
    journal = {Remote Sensing},
    author = {Kayad, Ahmed and Sozzi, Marco and Gatto, Simone and Marinello, Francesco and Pirotti, Francesco},
    number = {23},
    month = {12},
    pages = {2873},
    volume = {11},
    publisher = {MDPI AG},
    url = {https://www.mdpi.com/2072-4292/11/23/2873},
    doi = {10.3390/rs11232873},
    issn = {2072-4292},
    keywords = {Corn yield, Digital farming, Machine learning, Precision agriculture, Sentinel-2, Vegetation indices, Within-field variability}
}

@article{Pasqualotto2019Multi-cropSeLI,
    title = {{Multi-crop green LAI estimation with a new simple sentinel-2 LAI index (SeLI)}},
    year = {2019},
    journal = {Sensors (Switzerland)},
    author = {Pasqualotto, Nieves and Delegido, Jesús and Van Wittenberghe, Shari and Rinaldi, Michele and Moreno, José},
    number = {4},
    month = {2},
    volume = {19},
    publisher = {MDPI AG},
    doi = {10.3390/s19040904},
    issn = {14248220},
    keywords = {Crops, Leaf area index, Red-edge, Remote sensing, Sentinel-2, Vegetation indices}
}

@article{Campos-Taberner2016MultitemporalPocketLAI,
    title = {{Multitemporal Monitoring of Plant Area Index in the Valencia Rice District with PocketLAI}},
    year = {2016},
    author = {Campos-Taberner, Manuel and Garc{\'{i}}a-Haro, Franciso Javier and Confalonieri, Roberto and Mart{\'{i}}nez, Beatriz and Moreno, Álvaro and S{\'{a}}nchez-Ruiz, Sergio and Gilabert, María Amparo and Camacho, Fernando and Boschetti, Mirco and {and Lorenzo Busetto}},
    edition = {3},
    volume = {8},
    doi = {10.3390/rs8030202}
}

@techreport{Beaman2018NBERAdoption,
    title = {{NBER WORKING PAPER SERIES CAN NETWORK THEORY-BASED TARGETING INCREASE TECHNOLOGY ADOPTION?-based Targeting Increase Technology Adoption?}},
    year = {2018},
    author = {Beaman, Lori and Benyishay, Ariel and Magruder, Jeremy and Mobarak, Ahmed Mushfiq},
    url = {http://www.nber.org/papers/w24912}
}

@article{Vina2005NewCrops,
    title = {{New developments in the remote estimation of the fraction of absorbed photosynthetically active radiation in crops}},
    year = {2005},
    journal = {Geophysical Research Letters},
    author = {Vi{\~{n}}a, Andrés and Gitelson, Anatoly A},
    number = {17},
    pages = {},
    volume = {32},
    url = {https://agupubs.onlinelibrary.wiley.com/doi/abs/10.1029/2005GL023647},
    doi = {10.1029/2005GL023647}
}

@article{Karlan2009ObservingExperiment,
    title = {{Observing Unobservables: Identifying Information Asymmetries With a Consumer Credit Field Experiment}},
    year = {2009},
    journal = {Econometrica},
    author = {Karlan, Dean and Zinman, Jonathan},
    number = {6},
    pages = {1993--2008},
    volume = {77},
    url = {https://onlinelibrary.wiley.com/doi/abs/10.3982/ECTA5781},
    doi = {10.3982/ECTA5781},
    keywords = {Advanced selection, credit markets, development finance, information asymmetrics microfinance, moral hazard}
}

@inproceedings{Archak2009OptimalContests,
    title = {{Optimal Design of Crowdsourcing Contests}},
    year = {2009},
    booktitle = {ICIS},
    author = {Archak, Nikolay and Sundararajan, Arun}
}

@inproceedings{Koutsopoulos2013OptimalSystems.,
    title = {{Optimal incentive-driven design of participatory sensing systems.}},
    year = {2013},
    booktitle = {INFOCOM},
    author = {Koutsopoulos, Iordanis},
    pages = {1402--1410},
    publisher = {IEEE},
    url = {http://dblp.uni-trier.de/db/conf/infocom/infocom2013.html#Koutsopoulos13},
    isbn = {978-1-4673-5944-3},
    keywords = {dblp}
}

@misc{Thies2011PaidDevelopment,
    title = {{Paid Crowdsourcing as a Vehicle for Global Development}},
    year = {2011},
    author = {Thies, Bill and Ratan, Aishwarya and Davis, James},
    month = {5},
    publisher = {ACM CHI 2011 Workshop on Crowdsourcing and Human Computation},
    url = {https://www.microsoft.com/en-us/research/publication/paid-crowdsourcing-as-a-vehicle-for-global-development/}
}

@article{Pix4D2016ParrotPaper,
    title = {{Parrot Sequoia White Paper}},
    year = {2016},
    author = {{Pix4D}},
    month = {3},
    url = {https://pix4d.com/wp-content/uploads/2016/03/Pix4D-Ag-Sequoia-White-Paper.pdf}
}

@inproceedings{Samdaria2012PayingRegions,
    title = {{Paying in Kind for Crowdsourced Work in Developing Regions}},
    year = {2012},
    booktitle = {Pervasive Computing},
    author = {Samdaria, Navkar and Mathur, Akhil and {Balakrishnan Ravin}},
    editor = {Kay, Judy and Lukowicz, Paul and Tokuda, Hideyuki and Olivier, Patrick and Kr{\"{u}}ger, Antonio},
    pages = {343--360},
    publisher = {Springer Berlin Heidelberg},
    address = {Berlin, Heidelberg},
    isbn = {978-3-642-31205-2}
}

@article{Khurana2007PerformanceIndia,
    title = {{Performance of Site-Specific Nutrient Management for Irrigated, Transplanted Rice in Northwest India}},
    year = {2007},
    journal = {Agronomy Journal},
    author = {Khurana, Harmandeep S and Phillips, Steven B and {Bijay-Singh} and Dobermann, Achim and Sidhu, Ajmer S and {Yadvinder-Singh} and Peng, Shaobing},
    number = {6},
    pages = {1436--1447},
    volume = {99},
    publisher = {American Society of Agronomy},
    url = {https://acsess.onlinelibrary.wiley.com/doi/abs/10.2134/agronj2006.0283},
    address = {Madison},
    pmid = {194520963},
    keywords = {Agriculture},
    language = {English}
}

@misc{PlanetTeam2017PlanetEarth,
    title = {{Planet Application Program Interface: In Space for Life on Earth}},
    year = {2017},
    author = {{Planet Team}},
    url = {https://api.planet.com},
    address = {San Francisco, CA}
}

@misc{PlanetLabs2018PLANETSPECIFICATIONS,
    title = {{PLANET IMAGERY PRODUCT SPECIFICATIONS}},
    year = {2018},
    author = {{Planet Labs}},
    url = {https://assets.planet.com/docs/Planet_Combined_Imagery_Product_Specs_letter_screen.pdf}
}

@misc{Collison2018PlanetProduct,
    title = {{Planet Surface Reflectance Product}},
    year = {2018},
    booktitle = {Planet},
    author = {Collison, Alan and Wilson, Nick},
    url = {https://assets.planet.com/marketing/PDF/Planet_Surface_Reflectance_Technical_White_Paper.pdf},
    address = {San Francisco, CA}
}

@misc{EuropeanSpaceAgency2019PlanetScope:Figures,
    title = {{PlanetScope: Mission Facts and Figures}},
    year = {2019},
    author = {{European Space Agency}},
    url = {https://earth.esa.int/web/guest/missions/3rd-party-missions/current-missions/planetscope}
}

@article{Maohua2001PossibleMillennium,
    title = {{Possible adoption of precision agriculture for developing countries at the threshold of the new millennium}},
    year = {2001},
    journal = {Computers and Electronics in Agriculture},
    author = {Maohua, Wang},
    number = {1-3},
    month = {2},
    pages = {45--50},
    volume = {30},
    publisher = {Elsevier},
    doi = {10.1016/S0168-1699(00)00154-X},
    issn = {01681699},
    keywords = {Developing countries, Precision agriculture, Strategic approach in agriculture}
}

@article{Balafoutis2017PrecisionEconomics,
    title = {{Precision Agriculture Technologies Positively Contributing to GHG Emissions Mitigation, Farm Productivity and Economics}},
    year = {2017},
    journal = {Sustainability},
    author = {Balafoutis, Athanasios and Beck, Bert and Fountas, Spyros and Vangeyte, Jurgen and Wal, Tamme and Soto, Iria and G{\'{o}}mez-Barbero, Manuel and Barnes, Andrew and Eory, Vera},
    number = {8},
    month = {7},
    pages = {1339},
    volume = {9},
    publisher = {MDPI AG},
    url = {http://www.mdpi.com/2071-1050/9/8/1339},
    doi = {10.3390/su9081339},
    issn = {2071-1050},
    keywords = {Farm productivity, Greenhouse gas emissions, Precision agriculture technologies, Precision physical weeding, Variable rate irrigation, Variable rate nutrient application, Variable rate pesticide application, Variable rate planting/seeding}
}

@article{Blumenstock2015PredictingMetadata,
    title = {{Predicting poverty and wealth from mobile phone metadata}},
    year = {2015},
    journal = {Science},
    author = {Blumenstock, Joshua and Cadamuro, Gabriel and On, Robert},
    number = {6264},
    month = {11},
    pages = {1073--1076},
    volume = {350},
    publisher = {American Association for the Advancement of Science},
    doi = {10.1126/science.aac4420},
    issn = {10959203}
}

@article{Beaman2013ProfitabilityMali,
    title = {{Profitability of fertilizer: experimental evidence from female rice farmers in Mali}},
    year = {2013},
    journal = {American economic review},
    author = {Beaman, Lori and Karlan, Dean and Thuysbaert, Bram and Udry, Christopher},
    number = {3},
    month = {5},
    pages = {381--386},
    volume = {103},
    url = {https://www.aeaweb.org/articles?id=10.1257/aer.103.3.381},
    pmid = {1418120798; 4449107},
    keywords = {Economics, Farmers, Females, Fertilizers, Mali, Profit, Profitability},
    language = {English}
}

@article{Usman2011RandomizedEducation,
    title = {{Randomized controlled trial to improve childhood immunization adherence in rural Pakistan: redesigned immunization card and maternal education}},
    year = {2011},
    journal = {Tropical Medicine {\&} International Health},
    author = {Usman, Hussain R. and Rahbar, Mohammad H. and Kristensen, Sibylle and Vermund, Sten H. and Kirby, Russell S. and Habib, Faiza and Chamot, Eric},
    number = {3},
    month = {3},
    pages = {334--342},
    volume = {16},
    publisher = {John Wiley {\&} Sons, Ltd},
    url = {http://doi.wiley.com/10.1111/j.1365-3156.2010.02698.x},
    doi = {10.1111/j.1365-3156.2010.02698.x},
    issn = {13602276},
    keywords = {Childhood immunization, Dropouts, Expanded programme on immunization, Pakistan, Randomized controlled trial, Redesigned card}
}

@inproceedings{Mahmud2013RecommendingMedia,
    title = {{Recommending Targeted Strangers from Whom to Solicit Information on Social Media}},
    year = {2013},
    booktitle = {Proceedings of the 2013 International Conference on Intelligent User Interfaces},
    author = {Mahmud, Jalal and Zhou, Michelle X and Megiddo, Nimrod and Nichols, Jeffrey and Drews, Clemens},
    pages = {37--48},
    series = {IUI '13},
    publisher = {ACM},
    url = {http://doi.acm.org/10.1145/2449396.2449403},
    address = {New York, NY, USA},
    isbn = {978-1-4503-1965-2},
    doi = {10.1145/2449396.2449403},
    keywords = {personality, response rate, social media, willingness}
}

@article{Hodler2014RegionalFavoritism,
    title = {{Regional Favoritism}},
    year = {2014},
    journal = {The Quarterly Journal of Economics},
    author = {Hodler, Roland and Raschky, Paul A.},
    number = {2},
    month = {5},
    pages = {995--1033},
    volume = {129},
    publisher = {Oxford Academic},
    doi = {10.1093/qje/qju004},
    issn = {0033-5533}
}

@article{Gitelson2003RemoteCanopies,
    title = {{Remote estimation of leaf area index and green leaf biomass in maize canopies}},
    year = {2003},
    journal = {Geophysical Research Letters},
    author = {Gitelson, Anatoly A and Vi{\~{n}}a, Andrés and Arkebauer, Timothy J and Rundquist, Donald C and Keydan, Galina and Leavitt, Bryan},
    number = {5},
    pages = {},
    volume = {30},
    url = {https://agupubs.onlinelibrary.wiley.com/doi/abs/10.1029/2002GL016450},
    doi = {10.1029/2002GL016450}
}

@article{Schlemmer2013RemoteLevels,
    title = {{Remote estimation of nitrogen and chlorophyll contents in maize at leaf and canopy levels}},
    year = {2013},
    journal = {International Journal of Applied Earth Observation and Geoinformation},
    author = {Schlemmer, M and Gitelson, A and Schepers, J and Ferguson, R and Peng, Y and Shanahan, J and Rundquist, D},
    volume = {25},
    doi = {10.1016/j.jag.2013.04.003}
}

@article{Jiang2008RemoteEnvironment,
    title = {{Remote Sensing of Environment}},
    year = {2008},
    journal = {Remote Sensing of Environment},
    author = {Jiang, Zhangyan and Huete, Alfredo R and Didan, Kamel and Miura, Tomoaki},
    pages = {3833--3845},
    volume = {112}
}

@article{Frison1992RepeatedDesign,
    title = {{Repeated measures in clinical trials: Analysis using mean summary statistics and its implications for design}},
    year = {1992},
    journal = {Statistics in Medicine},
    author = {Frison, Lars and Pocock, Stuart J.},
    number = {13},
    pages = {1685--1704},
    volume = {11},
    doi = {10.1002/sim.4780111304},
    issn = {10970258}
}

@article{Frison1992RepeatedDesignb,
    title = {{Repeated measures in clinical trials: analysis using mean summary statistics and its implications for design}},
    year = {1992},
    journal = {Statistics in medicine},
    author = {Frison, L and Pocock, S J},
    number = {13},
    volume = {11},
    issn = {0277-6715},
    keywords = {Clinical Trials As Topic ; Data Interpretation, Statistical ; Randomized Controlled Trials As Topic ; Research Design},
    language = {eng}
}

@article{AVIATION2017RequirementsRPAS,
    title = {{Requirements for Operation of Civil Remotely Piloted Aircraft System (RPAS)}},
    year = {2017},
    journal = {Government of India},
    author = {AVIATION, OFFICE O F T H E DIRECTOR GENERAL O F CIVIL},
    url = {http://www.dgca.nic.in/misc/draft%20cars/CAR%20-%20UAS%20(Draft_Nov2017).pdf}
}

@article{deMel2008ReturnsExperiment,
    title = {{Returns to Capital in Microenterprises: Evidence from a Field Experiment*}},
    year = {2008},
    journal = {The Quarterly Journal of Economics},
    author = {de Mel, Suresh and McKenzie, David and Woodruff, Christopher},
    number = {4},
    month = {11},
    pages = {1329--1372},
    volume = {123},
    url = {https://doi.org/10.1162/qjec.2008.123.4.1329},
    doi = {10.1162/qjec.2008.123.4.1329},
    issn = {0033-5533}
}

@article{Noureldin2013RiceEgypt,
    title = {{Rice yield forecasting models using satellite imagery in Egypt}},
    year = {2013},
    journal = {Egyptian Journal of Remote Sensing and Space Science},
    author = {Noureldin, N. A. and Aboelghar, M. A. and Saudy, H. S. and Ali, A. M.},
    number = {1},
    pages = {125--131},
    volume = {16},
    publisher = {Elsevier B.V.},
    doi = {10.1016/j.ejrs.2013.04.005},
    issn = {20902476},
    keywords = {Leaf area index, Rice yield prediction, Vegetation indices}
}

@article{Heft-Neal2018RobustAfrica,
    title = {{Robust relationship between air quality and infant mortality in Africa}},
    year = {2018},
    journal = {Nature},
    author = {Heft-Neal, Sam and Burney, Jennifer and Bendavid, Eran and Burke, Marshall},
    doi = {10.1038/s41586-018-0263-3},
    issn = {14764687}
}

@misc{Weiss2016S2ToolBoxFCOVER,
    title = {{S2ToolBox Level 2 products: LAI, FAPAR, FCOVER}},
    year = {2016},
    author = {Weiss, Marie and Baret, Fred},
    url = {https://step.esa.int/docs/extra/ATBD_S2ToolBox_L2B_V1.1.pdf}
}

@article{Burke2017Satellite-basedSystems,
    title = {{Satellite-based assessment of yield variation and its determinants in smallholder African systems}},
    year = {2017},
    journal = {Proceedings of the National Academy of Sciences},
    author = {Burke, Marshall and Lobell, David B},
    number = {9},
    pages = {2189--2194},
    volume = {114},
    publisher = {National Academy of Sciences},
    url = {https://www.pnas.org/content/114/9/2189},
    doi = {10.1073/pnas.1616919114},
    issn = {0027-8424}
}

@article{Kondylis2017SeeingExperiment,
    title = {{Seeing is believing? Evidence from an extension network experiment}},
    year = {2017},
    journal = {Journal of Development Economics},
    author = {Kondylis, Florence and Mueller, Valerie and Zhu, Jessica},
    month = {3},
    pages = {1--20},
    volume = {125},
    publisher = {Elsevier B.V.},
    doi = {10.1016/j.jdeveco.2016.10.004},
    issn = {03043878},
    keywords = {Africa, Agriculture, Information failure, Technology diffusion}
}

@article{Suri2011SELECTIONADOPTION,
    title = {{SELECTION AND COMPARATIVE ADVANTAGE IN TECHNOLOGY ADOPTION}},
    year = {2011},
    journal = {Econometrica},
    author = {Suri, Tavneet},
    number = {1},
    pages = {159--209},
    volume = {79},
    publisher = {[Wiley, Econometric Society]},
    url = {http://www.jstor.org/stable/41057440},
    issn = {00129682, 14680262}
}

@article{Burke2019SellMarkets,
    title = {{Sell Low and Buy High: Arbitrage and Local Price Effects in Kenyan Markets}},
    year = {2019},
    journal = {The Quarterly Journal of Economics},
    author = {Burke, Marshall and Bergquist, Lauren Falcao and Miguel, Edward},
    number = {2},
    month = {5},
    pages = {785--842},
    volume = {134},
    publisher = {Oxford Academic},
    doi = {10.1093/qje/qjy034},
    issn = {0033-5533}
}

@misc{Mueller-Wilm2019Sen2CorManual,
    title = {{Sen2Cor Configuration and User Manual}},
    year = {2019},
    author = {Mueller-Wilm, U},
    number = {2},
    url = {http://step.esa.int/thirdparties/sen2cor/2.8.0/docs/S2-PDGS-MPC-L2A-SUM-V2.8.pdf}
}

@misc{Copernicus2019SentinelData,
    title = {{Sentinel data}},
    year = {2019},
    author = {{Copernicus}},
    url = {https://scihub.copernicus.eu/},
    institution = {European Space Agency}
}

@misc{SUHET2013Sentinel-2Handbook,
    title = {{Sentinel-2 User Handbook}},
    year = {2013},
    author = {{SUHET}},
    publisher = {European Space Agency},
    url = {https://sentinels.copernicus.eu/documents/247904/685211/Sentinel-2_User_Handbook}
}

@techreport{EuropeanSpaceAgency2015Sentinel-2Handbook,
    title = {{Sentinel-2 User Handbook}},
    year = {2015},
    author = {{European Space Agency}},
    number = {1},
    url = {https://sentinels.copernicus.eu/documents/247904/685211/Sentinel-2_User_Handbook},
    institution = {European Commission}
}

@article{Lobell2019SightMali,
    title = {{Sight for Sorghums: Comparisons of Satellite- and Ground-Based Sorghum Yield Estimates in Mali}},
    year = {2019},
    journal = {Remote Sensing},
    author = {Lobell, David B. and Di Tommaso, Stefania and You, Calum and Yacoubou Djima, Ismael and Burke, Marshall and Kilic, Talip},
    number = {1},
    month = {12},
    pages = {100},
    volume = {12},
    publisher = {MDPI AG},
    url = {https://www.mdpi.com/2072-4292/12/1/100},
    doi = {10.3390/rs12010100},
    issn = {2072-4292},
    keywords = {Mali, Saharan Africa, crop cutting, crop yield estimation, remote sensing, sub}
}

@article{Pagani2013Site-SpecificReturn,
    title = {{Site-Specific Nutrient Management: For Nutrient Management Planning To Improve Crop Production, Environmental Quality, and Economic Return}},
    year = {2013},
    journal = {Extension and Outreach Publications},
    author = {Pagani, Agustin and Sawyer, John and Mallarino, Antonio},
    month = {5},
    url = {https://lib.dr.iastate.edu/extension_pubs/116}
}

@unpublished{Fabregas2019SMS-extensionAfrica,
    title = {{SMS-extension and Farmer Behavior: Lessons from Six RCTs in East Africa}},
    year = {2019},
    author = {Fabregas, Raissa and Kremer, Michael and Lowes, Matthew and On, Robert and Zane, Giulia}
}

@article{Gitelson1994SpectralEstimation,
    title = {{Spectral Reflectance Changes Associated with Autumn Senescence of Aesculus hippocastanum L. and Acer platanoides L. Leaves. Spectral Features and Relation to Chlorophyll Estimation}},
    year = {1994},
    journal = {Journal of Plant Physiology},
    author = {Gitelson, Anatoly and Merzlyak, Mark N.},
    number = {3},
    pages = {286--292},
    volume = {143},
    doi = {10.1016/S0176-1617(11)81633-0},
    issn = {01761617},
    keywords = {NDVI, Normalized Difference Vegetation Index, Reflectance, Standard Deviation, estimation, remote sensing, sd, senescence}
}

@article{Livingston2011Sub-SaharanAgriculture,
    title = {{Sub-Saharan Africa: The state of smallholders in agriculture}},
    year = {2011},
    journal = {International Fund for Agricultural Development},
    author = {Livingston, Geoffrey and Schonberger, Steven and Delaney, Sara},
    url = {https://www.ifad.org/documents/10180/78d97354-8d30-466e-b75c- 9406bf47779c}
}

@article{Christiaensen2011ThePerspective,
    title = {{The (evolving) role of agriculture in poverty reduction—An empirical perspective}},
    year = {2011},
    journal = {Journal of Development Economics},
    author = {Christiaensen, Luc and Demery, Lionel and Kuhl, Jesper},
    pages = {239--254},
    volume = {96},
    doi = {10.1016/j.jdeveco.2010.10.006}
}

@techreport{Feder2004TheIndonesia,
    title = {{The Acquisition and Diffusion of Knowledge: The Case of Pest Management Training in Farmer Field Schools, Indonesia}},
    year = {2004},
    booktitle = {Journal of Agricultural Economics },
    author = {Feder, Gershon and Murgai, Rinku and Quizon, Jaime B},
    number = {2},
    pages = {221--243},
    volume = {55}
}

@techreport{Burgess2019TheFortune,
    title = {{The Brazilian Amazon's Double Reversal of Fortune}},
    year = {2019},
    author = {Burgess, Robin and Costa, Francisco J M and Olken, Benjamin A and Colmer, Jonathan and Donaldson, Dave and Fetzer, Thiemo and Greenstone, Michael and Harding, Torfinn and Jack, Kelsey and Jayachandran, Seema and Mobarak, Mushfiq and Rasul, Imran and Szerman, Dimitri and Turner, Matthew and Villela, Andre and Vogl, Tom}
}

@misc{Rapsomanikis2015TheFarmers,
    title = {{The economic lives of smallholder farmers}},
    year = {2015},
    author = {Rapsomanikis, George},
    publisher = {Food and Agriculture Organization of the United Nations},
    url = {http://www.fao.org/3/a-i5251e.pdf}
}

@article{Sala2018TheSeas,
    title = {{The economics of fishing the high seas}},
    year = {2018},
    journal = {Science Advances},
    author = {Sala, Enric and Mayorga, Juan and Costello, Christopher and Kroodsma, David and Palomares, Maria L.D. and Pauly, Daniel and Rashid Sumaila, U. and Zeller, Dirk},
    number = {6},
    month = {6},
    pages = {eaat2504},
    volume = {4},
    publisher = {American Association for the Advancement of Science},
    doi = {10.1126/sciadv.aat2504},
    issn = {23752548}
}

@article{Marx2013TheWorld,
    title = {{The economics of slums in the developing world}},
    year = {2013},
    journal = {Journal of Economic Perspectives},
    author = {Marx, Benjamin and Stoker, Thomas and Suri, Tavneet},
    doi = {10.1257/jep.27.4.187},
    issn = {08953309}
}

@book{HastieTrevorTibshiraniRobertFriedman2009TheEdition,
    title = {{The Elements of Statistical Learning The Elements of Statistical LearningData Mining, Inference, and Prediction, Second Edition}},
    year = {2009},
    booktitle = {Springer series in statistics},
    author = {Hastie, Trevor, Tibshirani, Robert, Friedman, Jerome},
    edition = {2nd},
    publisher = {Springer},
    url = {https://web.stanford.edu/~hastie/ElemStatLearn/},
    address = {New York},
    isbn = {978-0-387-84858-7},
    doi = {10.1007/978-0-387-84858-7},
    pmid = {12377617},
    arxivId = {arXiv:1011.1669v3},
    keywords = {Data Mining, Inference, Neural Nets, Prediction, Statistical Learning}
}

@article{Felkner2011TheCountries,
    title = {{The Geographic Concentration of Enterprise in Developing Countries}},
    year = {2011},
    journal = {The Quarterly Journal of Economics},
    author = {Felkner, John S. and Townsend, Robert M.},
    number = {4},
    month = {11},
    pages = {2005--2061},
    volume = {126},
    publisher = {Oxford Academic},
    doi = {10.1093/qje/qjr046},
    issn = {0033-5533}
}

@article{Saiz2010TheSupply,
    title = {{The Geographic Determinants of Housing Supply}},
    year = {2010},
    journal = {Quarterly Journal of Economics},
    author = {Saiz, Albert},
    number = {3},
    month = {8},
    pages = {1253--1296},
    volume = {125},
    publisher = {Oxford Academic},
    url = {https://academic.oup.com/qje/article-lookup/doi/10.1162/qjec.2010.125.3.1253},
    doi = {10.1162/qjec.2010.125.3.1253},
    issn = {0033-5533}
}

@article{Jain2019TheData,
    title = {{The impact of agricultural interventions can be doubled by using satellite data}},
    year = {2019},
    journal = {Nature Sustainability},
    author = {Jain, Meha and {Balwinder-Singh} and Rao, Preeti and Srivastava, Amit K and Poonia, Shishpal and Blesh, Jennifer and Azzari, George and McDonald, Andrew J and Lobell, David B},
    number = {10},
    pages = {931--934},
    volume = {2},
    url = {https://doi.org/10.1038/s41893-019-0396-x},
    doi = {10.1038/s41893-019-0396-x},
    issn = {2398-9629}
}

@article{Sheldon2017TheHealth,
    title = {{The Impact of Indonesian Forest Fires on Singaporean Pollution and Health}},
    year = {2017},
    journal = {American Economic Review},
    author = {Sheldon, Tamara L and Sankaran, Chandini},
    number = {5},
    month = {5},
    pages = {526--529},
    volume = {107},
    url = {http://www.aeaweb.org/articles?id=10.1257/aer.p20171134},
    doi = {10.1257/aer.p20171134}
}

@inproceedings{Horton2010TheCrowdsourcing,
    title = {{The Labor Economics of Paid Crowdsourcing}},
    year = {2010},
    booktitle = {Proceedings of the 11th ACM Conference on Electronic Commerce},
    author = {Horton, John Joseph and Chilton, Lydia B},
    pages = {209--218},
    series = {EC '10},
    publisher = {ACM},
    url = {http://doi.acm.org/10.1145/1807342.1807376},
    address = {New York, NY, USA},
    isbn = {978-1-60558-822-3},
    doi = {10.1145/1807342.1807376},
    keywords = {amazon's mechanical turk, crowdsourcing, human computation}
}

@article{Dash2004TheIndex,
    title = {{The MERIS terrestrial chlorophyll index}},
    year = {2004},
    journal = {International Journal of Remote Sensing},
    author = {Dash, J and Curran, P J},
    number = {23},
    pages = {5403--5413},
    volume = {25},
    publisher = {Taylor {\&} Francis},
    url = {https://doi.org/10.1080/0143116042000274015},
    doi = {10.1080/0143116042000274015}
}

@article{Burgess2012THETROPICS,
    title = {{THE POLITICAL ECONOMY OF DEFORESTATION IN THE TROPICS}},
    year = {2012},
    journal = {The Quarterly Journal of Economics},
    author = {Burgess, Robin and Hansen, Matthew and Olken, Benjamin A and Potapov, Peter and Sieber, Stefanie},
    number = {4},
    pages = {1707--1754},
    volume = {127},
    publisher = {Oxford University Press},
    url = {www.jstor.org/stable/41812147},
    issn = {00335533, 15314650}
}

@article{BlumenstockTheContributors,
    title = {{The Premise of Local Information: Building Reliable Economic Indicators from a Decentralized Network of Contributors}},
    author = {Blumenstock, Joshua E and Keleher, Niall C and Premise, Joseph Reisinger and Francisco, San},
    url = {http://dx.doi.org/10.1145/2909609.2909646},
    isbn = {9781450343060},
    doi = {10.1145/2909609.2909646}
}

@unpublished{Cole2017TheAgriculture,
    title = {{The Promise and Challenges of Implementing ICT in Indian Agriculture}},
    year = {2017},
    author = {Cole, Shawn and Sharma, Garima}
}

@article{JAME2016TheForecasts,
    title = {{The Value of Crowdsourced Earnings Forecasts}},
    year = {2016},
    journal = {Journal of Accounting Research},
    author = {JAME, RUSSELL and JOHNSTON, RICK and MARKOV, STANIMIR and WOLFE, MICHAEL C},
    number = {4},
    pages = {1077--1110},
    volume = {54},
    url = {https://onlinelibrary.wiley.com/doi/abs/10.1111/1475-679X.12121},
    doi = {10.1111/1475-679X.12121},
    keywords = {G28, G29, M41, M43, analyst, crowdsourcing, earnings response coefficients, forecast}
}

@article{Behrend2011TheResearch,
    title = {{The viability of crowdsourcing for survey research}},
    year = {2011},
    journal = {Behavior Research Methods},
    author = {Behrend, Tara S. and Sharek, David J. and Meade, Adam W. and Wiebe, Eric N},
    number = {3},
    month = {3},
    pages = {800},
    volume = {43},
    url = {https://doi.org/10.3758/s13428-011-0081-0},
    doi = {10.3758/s13428-011-0081-0}
}

@article{Marx2019There,
    title = {{There Is No Free House: Ethnic Patronage in a Kenyan Slum †}},
    year = {2019},
    journal = {American Economic Journal: Applied Economics},
    author = {Marx, Benjamin and Stoker, Thomas M and Suri, Tavneet},
    number = {4},
    pages = {36--70},
    volume = {11},
    url = {https://doi.org/10.1257/app.20160484},
    doi = {10.1257/app.20160484}
}

@article{LaboratoryThermalIndices,
    title = {{Thermal Crop Water Stress Indices}},
    author = {Laboratory, U S Water Conservation},
    url = {http://www.plantstress.com/Articles/drought_i/drought_i_files/CWSI_phoenix.pdf}
}

@misc{DavidMcKenzie2015ToolsBalance,
    title = {{Tools of the Trade: a joint test of orthogonality when testing for balance}},
    year = {2015},
    booktitle = {Development Impact},
    author = {{David McKenzie}},
    url = {https://blogs.worldbank.org/impactevaluations/tools-trade-joint-test-orthogonality-when-testing-balance}
}

@incollection{Baumuller2017TowardsAgriculture,
    title = {{Towards Smart Farming? Mobile Technology Trends and their Potential for Developing Country Agriculture}},
    year = {2017},
    author = {Baum{\"{u}}ller, Heike},
    month = {12},
    pages = {191--201}
}

@article{Lee2009TrainingEffects,
    title = {{Training, Wages, and Sample Selection: Estimating Sharp Bounds on Treatment Effects}},
    year = {2009},
    journal = {The Review of Economic Studies},
    author = {Lee, David S},
    number = {3},
    month = {12},
    pages = {1071--1102},
    volume = {76},
    url = {https://doi.org/10.1111/j.1467-937X.2009.00536.x},
    doi = {10.1111/j.1467-937X.2009.00536.x},
    issn = {0034-6527}
}

@article{Murphy2020UndergroundAuctions,
    title = {{Underground Knowledge: Estimating the Impacts of Soil Information Transfers Through Experimental Auctions†}},
    year = {2020},
    journal = {American Journal of Agricultural Economics},
    author = {Murphy, David M A and Roobroeck, Dries and Lee, David R and Thies, Janice},
    number = {n/a},
    month = {5},
    volume = {n/a},
    publisher = {John Wiley {\&} Sons, Ltd},
    url = {https://doi.org/10.1111/ajae.12101},
    doi = {10.1111/ajae.12101},
    issn = {0002-9092},
    keywords = {Africa, C93, D83, Kenya, O13, Q12, Q24, experimental auctions, fertilizer, gender, organic inputs, soil nutrients, soil testing, willingness to pay}
}

@misc{ESASentinelOnline2018UpcomingEvolution,
    title = {{Upcoming Sentinel-2 Level-2A product evolution}},
    year = {2018},
    author = {{ESA Sentinel Online}},
    month = {12},
    url = {https://sentinel.esa.int/web/sentinel/missions/sentinel-2/news/-/article/upcoming-sentinel-2-level-2a-product-evolution}
}

@techreport{Sood2019USDAIndia,
    title = {{USDA Gain Report: India}},
    year = {2019},
    author = {Sood, Dhruv},
    month = {12},
    url = {https://gain.fas.usda.gov/Recent%20GAIN%20Publications/Cotton%20and%20Products%20Annual_New%20Delhi_India_3-29-2019.pdf},
    institution = {United States Department of Agriculture}
}

@article{MohantyUsingDetection,
    title = {{Using Deep Learning for Image-Based Plant Disease Detection}},
    author = {Mohanty, Sharada Prasanna and Hughes, David and Salath{\'{e}}, Marcel},
    url = {https://arxiv.org/ftp/arxiv/papers/1604/1604.03169.pdf}
}

@article{Fatehkia2018UsingGap,
    title = {{Using Facebook ad data to track the global digital gender gap}},
    year = {2018},
    journal = {World Development},
    author = {Fatehkia, Masoomali and Kashyap, Ridhi and Weber, Ingmar},
    doi = {10.1016/j.worlddev.2018.03.007},
    issn = {18735991},
    keywords = {Big data, Development indicators, Gender inequality, Global digital gender gaps, Internet, Mobile phones}
}

@article{Banerjee2019UsingTrials,
    title = {{Using Gossips to Spread Information: Theory and Evidence from Two Randomized Controlled Trials}},
    year = {2019},
    journal = {The Review of Economic Studies},
    author = {Banerjee, Abhijit and Chandrasekhar, Arun G and Duflo, Esther and Jackson, Matthew O},
    number = {6},
    month = {12},
    pages = {2453--2490},
    volume = {86},
    url = {https://doi.org/10.1093/restud/rdz008},
    doi = {10.1093/restud/rdz008},
    issn = {0034-6527}
}

@article{Weidmann2016UsingWealth,
    title = {{Using night light emissions for the prediction of local wealth}},
    year = {2016},
    journal = {Journal of Peace Research},
    author = {Weidmann, Nils B and Schutte, Sebastian},
    number = {2},
    month = {7},
    pages = {125--140},
    volume = {54},
    publisher = {SAGE Publications Ltd},
    url = {https://doi.org/10.1177/0022343316630359},
    doi = {10.1177/0022343316630359},
    issn = {0022-3433}
}

@article{Yang2011UsingClassification,
    title = {{Using Reputation Management in Participatory Sensing for Data Classification}},
    year = {2011},
    journal = {Procedia Computer Science},
    author = {Yang, HaoFan and Zhang, Jinglan and Roe, Paul},
    pages = {190 - 197},
    volume = {5},
    url = {http://www.sciencedirect.com/science/article/pii/S1877050911003516},
    doi = {https://doi.org/10.1016/j.procs.2011.07.026},
    issn = {1877-0509},
    keywords = {Community Informatics ;, Concept Design, Decision Making, Reputation}
}

@inproceedings{Chen2017ValidatingData,
    title = {{Validating migration responses to flooding using satellite and vital registration data}},
    year = {2017},
    booktitle = {American Economic Review},
    author = {Chen, Joyce J. and Mueller, Valerie and Jia, Yuanyuan and Tseng, Steven Kuo Hsin},
    number = {5},
    month = {5},
    pages = {441--445},
    volume = {107},
    publisher = {American Economic Association},
    doi = {10.1257/aer.p20171052},
    issn = {00028282}
}

@article{Foster2009VoluntaryMexico,
    title = {{Voluntary Compliance, Pollution Levels, and Infant Mortality in Mexico}},
    year = {2009},
    journal = {American Economic Review},
    author = {Foster, Andrew and Gutierrez, Emilio and Kumar, Naresh},
    number = {2},
    month = {5},
    pages = {191--197},
    volume = {99},
    url = {http://www.aeaweb.org/articles?id=10.1257/aer.99.2.191},
    doi = {10.1257/aer.99.2.191}
}

@article{Jr.2017WhatAgriculture,
    title = {{What good are unmanned aircraft systems for agricultural remote sensing and precision agriculture?}},
    year = {2017},
    journal = {International Journal of Remote Sensing},
    author = {Jr., Raymond Hunt and Daughtry, Craig S T},
    publisher = {Taylor and Francis},
    doi = {10.1080/01431161.2017.1410300}
}

@techreport{Colwell1978WHEATDATA,
    title = {{WHEAT YIELD FORECASTS USING LANDSAT DATA}},
    year = {1978},
    author = {Colwell, John E and Rice, Daniel P and Nalepka, Richard F},
    institution = {NASA}
}

@unpublished{Cole2020MobileizingSustainability,
    title = {{‘Mobile’izing Agricultural Advice: Technology Adoption, Diffusion, and Sustainability}},
    year = {2020},
    author = {Cole, Shawn and Fernando, A. Nilesh},
    url = {https://www.dropbox.com/s/m68t6h46q7e169z/ao_032020.pdf?dl=0}
}